% This file was created with JabRef 2.10.
% Encoding: MacRoman


@InProceedings{ap3,
  Title                    = {Joint distributed access point selection and power allocation in cognitive radio networks},
  Author                   = {Mingyi Hong and Alfredo Garcia and Jorge Barrera},
  Booktitle                = {INFOCOM},
  Year                     = {2011},
  Pages                    = {2516--2524},

  Bibdate                  = {2011-07-01},
  Bibsource                = {DBLP, http://dblp.uni-trier.de/db/conf/infocom/infocom2011.html#HongGB11},
  Crossref                 = {conf/infocom/2011}
}

@InProceedings{LiM10,
  Title                    = {Designing games to handle coupled constraints},
  Author                   = {Na Li and Jason R. Marden},
  Booktitle                = {IEEE CDC},
  Year                     = {2010},
  Pages                    = {250--255},

  Bibdate                  = {2011-02-23},
  Bibsource                = {DBLP, http://dblp.uni-trier.de/db/conf/cdc/cdc2010.html#LiM10},
  Crossref                 = {conf/cdc/2010}
}

@Article{Asuman07,
  Title                    = {Competition and Efficiency in Congested Markets},
  Author                   = {Daron A. and Asuman O.},
  Journal                  = {Mathematics of Operations Research},
  Year                     = {2007},
  Pages                    = {1-31}
}

@InProceedings{abdelkader2011game,
  Title                    = {Game theory and iterated Voronoi diagrams for self-organized Wireless Sensor Networks},
  Author                   = {Abdelkader, M. and Hamdi, M. and Boudriga, N.},
  Booktitle                = {International Wireless Communications and Mobile Computing Conference (IWCMC)},
  Year                     = {2011},
  Organization             = {IEEE},
  Pages                    = {1250--1255}
}

@Article{agoulmine2006challenges,
  Title                    = {Challenges for autonomic network management},
  Author                   = {Agoulmine, N. and Balasubramaniam, S. and Botvich, D. and Strassner, J. and Lehtihet, E. and Donnelly, W.},
  Journal                  = {IEEE Communications Magazine},
  Year                     = {2006},
  Number                   = {10},
  Pages                    = {112 -- 121},
  Volume                   = {45}
}

@InProceedings{Agrawal:Privacy,
  Title                    = {Privacy-preserving data mining},
  Author                   = {R. Agrawal and R. Srikant},
  Booktitle                = {Proceedings of ACM SIGMOD},
  Year                     = {2000},

  Date-added               = {2014-07-26 21:42:47 +0000},
  Date-modified            = {2014-07-26 21:42:47 +0000},
  Owner                    = {ZDREAMY},
  Timestamp                = {2014.07.26}
}

@Article{RYeung,
  Title                    = {Network information flow},
  Author                   = {R. Ahlswede and N. Cai and S.-Y. R. Li and R. W. Yeung},
  Journal                  = {IEEE Transaction on Information Theory},
  Year                     = {2000},

  Month                    = Jul,
  Pages                    = {1004--1016},
  Volume                   = {46}
}

@Article{myopic,
  Title                    = {Optimality of Myopic Sensing in Multi-Channel Opportunistic Access},
  Author                   = {S.H. Ahmad and M. Liu and T. Javidi and Q. Zhao and B. Krishnamachari},
  Journal                  = {IEEE Transaction on Information Theory},
  Year                     = {2009},
  Number                   = {9},
  Pages                    = {4040--4050},
  Volume                   = {55}
}

@Book{Ahuja93,
  Title                    = {Network flows: Theory, algorithms, and applications},
  Author                   = {R. Ahuja and T. Magnanti and J. Orlin},
  Publisher                = {Prentice Hall},
  Year                     = {1993}
}

@InProceedings{Ak:2010,
  Title                    = {Optimal Iterative Pricing over Social Networks},
  Author                   = {Akhlaghpour, Hessameddin and Ghodsi, Mohammad and Haghpanah, Nima and Mirrokni, Vahab S. and Mahini, Hamid and Nikzad, Afshin},
  Booktitle                = {Proc. the 6th International Conference on Internet and Network Economics},
  Year                     = {2010}
}

@InProceedings{Ak10,
  Title                    = {Optimal Iterative Pricing over Social Networks},
  Author                   = {Akhlaghpour, Hessameddin and Ghodsi, Mohammad and Haghpanah, Nima and Mirrokni, Vahab S. and Mahini, Hamid and Nikzad, Afshin},
  Booktitle                = {Proceedings of the 6th International Conference on Internet and Network Economics},
  Year                     = {2010},
  Series                   = {WINE'10}
}

@Article{akyildiz2006next,
  Title                    = {NeXt generation/dynamic spectrum access/cognitive radio wireless networks: a survey},
  Author                   = {Akyildiz, I.F. and Lee, W.Y. and Vuran, M.C. and Mohanty, S.},
  Journal                  = {Computer Networks},
  Year                     = {2006},
  Number                   = {13},
  Pages                    = {2127--2159},
  Volume                   = {50},

  Owner                    = {xchen179},
  Publisher                = {Elsevier},
  Timestamp                = {2013.04.26}
}

@Article{key-2,
  Title                    = {Next generation/dynamic spectrum access/cognitive radio wireless networks: a survey},
  Author                   = {I. Akyildiz and W. Lee and M. Vuran and S. Mohanty},
  Journal                  = {Computer Networks},
  Year                     = {2006},
  Number                   = {13},
  Pages                    = {2127-2159},
  Volume                   = {50},

  Owner                    = {LV},
  Timestamp                = {2010.12.29}
}

@Article{NeXt,
  Title                    = {NeXt Generation/Dynamic Spectrum Access/Cognitive Radio Wireless Networks: A Survey},
  Author                   = {Ian F. Akyildiz and Won-Yeol Leea and Mehmet C. Vuran and Shantidev Mohantya},
  Journal                  = {Computer Networks},
  Year                     = {2006},

  Month                    = Sept,
  Number                   = {13},
  Pages                    = {2127-2159},
  Volume                   = {50}
}

@Article{Akyildiz11,
  Title                    = {Cooperative spectrum sensing in cognitive radio networks: A survey},
  Author                   = {Akyildiz, I.~F. and Lo, B.~F. and Balakrishnan, R.},
  Journal                  = {Physical Communication},
  Year                     = {2011},
  Pages                    = {40-62},
  Volume                   = {4}
}

@Article{akyildiz2011cooperative,
  Title                    = {Cooperative spectrum sensing in cognitive radio networks: A survey},
  Author                   = {Akyildiz, Ian F and Lo, Brandon F and Balakrishnan, Ravikumar},
  Journal                  = {Physical Communication},
  Year                     = {2011},
  Number                   = {1},
  Pages                    = {40--62},
  Volume                   = {4},

  Publisher                = {Elsevier}
}

@InProceedings{Daoud08,
  Title                    = {A stackelberg game for pricing uplink power in wide-band cognitive radio networks},
  Author                   = {Al Daoud, A. and Alpcan, Tansu and Agarwal, S. and Alanyali, M.},
  Booktitle                = {47th IEEE Conference on Decision and Control},
  Year                     = {2008},
  Pages                    = {1422-1427}
}

@Article{Al11,
  Title                    = {Congestion Pricing in Wireless Cellular Networks},
  Author                   = {Al-Manthari, B. and Nasser, N. and Hassanein, H.},
  Journal                  = {IEEE Communications Surveys Tutorials},
  Year                     = {2011},
  Pages                    = {358-371}
}

@Article{anandkumar2011distributed,
  Title                    = {Distributed algorithms for learning and cognitive medium access with logarithmic regret},
  Author                   = {Anandkumar, Animashree and Michael, Nithin and Tang, Ao Kevin and Swami, Ananthram},
  Journal                  = {IEEE Journal on Selected Areas in Communications},
  Year                     = {2011},
  Number                   = {4},
  Pages                    = {731--745},
  Volume                   = {29},

  Publisher                = {IEEE}
}

@Article{TCyber16,
  Title                    = {Highlighting Relationships of a Smartphone's Social Ecosystem in Potentially Large Investigations},
  Author                   = {P. Andriotis and G. Oikonomou and T. Tryfonas and S. Li},
  Journal                  = {IEEE Transactions on Cybernetics},
  Year                     = {2016},
  Number                   = {9},
  Pages                    = {1974-1985},
  Volume                   = {46}
}

@Article{Aoyagi13,
  Title                    = {Bertrand Competition under Network Externalities},
  Author                   = {Masaki Aoyagi},
  Journal                  = {ISER Discussion Paper No. 884},
  Year                     = {2014}
}

@Article{frugal,
  Title                    = {Frugal Path Mechanisms},
  Author                   = {Archer, A. and Tardos, \'{E}va},
  Journal                  = {ACM Trans. Algorithms},
  Year                     = {2007},

  Month                    = feb,
  Number                   = {1},
  Volume                   = {3},

  Issue_date               = {February 2007}
}

@Article{smartmeter,
  Title                    = {Smart Meter Data Privacy: A Survey},
  Author                   = {M. R. {Asghar} and G. {D\'an} and D. {Miorandi} and I. {Chlamtac}},
  Journal                  = {IEEE Communications Surveys Tutorials},
  Year                     = {2017},
  Number                   = {4},
  Pages                    = {2820-2835},
  Volume                   = {19}
}

@Article{Ashraf,
  Title                    = {Dynamic Clustering and User Association in Wireless Small-Cell Networks With Social Considerations},
  Author                   = {M. I. Ashraf and M. Bennis and W. Saad and M. Katz and C. S. Hong},
  Journal                  = {IEEE Transactions on Vehicular Technology},
  Year                     = {2017},

  Month                    = {July},
  Number                   = {7},
  Pages                    = {6553-6568},
  Volume                   = {66}
}

@InProceedings{rayliu3,
  Title                    = {Learning and decision making with negative externality for opportunistic spectrum access},
  Author                   = {{B. Zhang} and Y. {Chen} and C. {Wang} and K. J. R. {Liu}},
  Booktitle                = {Proceedings of 2012 IEEE Global Communications Conference (GLOBECOM)},
  Year                     = {2012},
  Pages                    = {1404-1409}
}

@InProceedings{db5,
  Title                    = {White space networking with wi-fi like connectivity},
  Author                   = {Paramvir Bahl and Ranveer Chandra and Thomas Moscibroda and Rohan Murty and Matt Welsh},
  Booktitle                = {SIGCOMM},
  Year                     = {2009},
  Pages                    = {27--38},

  Bibdate                  = {2009-11-18},
  Bibsource                = {DBLP, http://dblp.uni-trier.de/db/conf/sigcomm/sigcomm2009.html#BahlCMMW09},
  ISBN                     = {978-1-60558-594-9}
}

@Article{balasubramaniam2007bio,
  Title                    = {Bio-inspired framework for autonomic communication systems},
  Author                   = {Balasubramaniam, S. and Botvich, D. and Donnelly, W. and Foghl{\'u}, M. and Strassner, J.},
  Journal                  = {Advances in Biologically Inspired Information Systems},
  Year                     = {2007},
  Pages                    = {3--19},

  Publisher                = {Springer}
}

@Article{banerjee2001core,
  Title                    = {Core in a simple coalition formation game},
  Author                   = {Banerjee, S. and Konishi, H. and S{\"o}nmez, T.},
  Journal                  = {Social Choice and Welfare},
  Year                     = {2001},
  Number                   = {1},
  Pages                    = {135--153},
  Volume                   = {18},

  Owner                    = {xchen179},
  Publisher                = {Springer},
  Timestamp                = {2013.04.26}
}

@InProceedings{VIP,
  Title                    = {{VIP} delegation: enabling {VIP}s to offload data in wireless social mobile networks},
  Author                   = {Barbera, M.V. and Stefa, J. and Viana, A.C. and de Amorim, M.D. and Boc, M.},
  Booktitle                = {International Conference on Distributed Computing in Sensor Systems and Workshops (DCOSS) 2011},
  Pages                    = {1 -8}
}

@Book{ComplexNetworks,
  Title                    = {{Dynamical Processes on Complex Networks}},
  Author                   = {Barrat, Alain and Barthelemy, Marc and Vespignani, Alessandro},
  Publisher                = {Cambridge University Press},
  Year                     = {2008}
}

@InProceedings{Basar02,
  Title                    = {Revenue-maximizing pricing and capacity expansion in a many-users regime},
  Author                   = {Basar, T. and Srikant, R.},
  Booktitle                = {Proc. 21st IEEE INFOCOM},
  Year                     = {2002}
}

@Article{BassOriginal,
  Title                    = {A New Product Growth for Model Consumer Durables},
  Author                   = {Bass, Frank M.},
  Journal                  = {Management Science},
  Year                     = {1969},
  Number                   = {5},
  Pages                    = {pp. 215-227},
  Volume                   = {15},

  Jstor_articletype        = {research-article},
  Publisher                = {INFORMS}
}

@InProceedings{Bauer09,
  Title                    = {The Directional Attack on Wireless Localization -or- How to Spoof Your Location with a Tin Can},
  Author                   = {Bauer, K. and McCoy, D. and Anderson, E. and Breitenbach, M. and Grudic, G. and Grunwald, D. and Sicker, D.},
  Booktitle                = {Global Telecommunications Conference, 2009. GLOBECOM 2009. IEEE},
  Year                     = {2009},
  Month                    = {Nov},
  Pages                    = {1-6}
}

@Article{Benaim,
  Title                    = {Dynamics of stochastic approximation algorithms},
  Author                   = {Bena\"{\i}m, Michel},
  Journal                  = {S\'{e}minaire de probabilit\'{e}s de Strasbourg},
  Year                     = {1999},
  Pages                    = {1-68},
  Volume                   = {33},

  Keywords                 = {dynamical systems; Lyapunov functions; asymptotic pseudotrajectories; limit sets; attractor; shadowing; empirical occupation measure},
  Language                 = {french},
  Publisher                = {Springer - Lecture Notes in Mathematics},
  Url                      = {http://eudml.org/doc/114007}
}

@Article{PartII,
  Title                    = {Stochastic Approximations and Differential Inclusions, Part {II}: Applications},
  Author                   = {M. Benaïm and J. Hofbauer and S. Sorin},
  Journal                  = {Mathematics of Operations Research},
  Year                     = {2006},
  Number                   = {4},
  Pages                    = {673--695},
  Volume                   = {31},

  Publisher                = {INFORMS}
}

@Article{Bennis13,
  Title                    = {Self-Organization in Small Cell Networks: {A} Reinforcement Learning Approach},
  Author                   = {Mehdi Bennis and Samir Medina Perlaza and Pol Blasco and Zhu Han and H. Vincent Poor},
  Journal                  = {{IEEE} Transactions on Wireless Communications},
  Year                     = {2013},
  Number                   = {7},
  Pages                    = {3202--3212},
  Volume                   = {12}
}

@Article{benzi2011electricity,
  Title                    = {Electricity smart meters interfacing the households},
  Author                   = {Benzi, F. and Anglani, N. and Bassi, E. and Frosini, L.},
  Journal                  = {IEEE Transactions on Industrial Electronics},
  Year                     = {2011},
  Number                   = {10},
  Pages                    = {4487--4494},
  Volume                   = {58},

  Publisher                = {IEEE}
}

@InProceedings{Beresford:Mix,
  Title                    = {Mix zones: user privacy in location-aware services},
  Author                   = {A. Beresford and F. Stajano},
  Booktitle                = {Proceedings of IEEE PerSec},
  Year                     = {2004},

  Date-added               = {2014-07-26 21:43:33 +0000},
  Date-modified            = {2014-07-26 21:43:33 +0000},
  Owner                    = {ZDREAMY},
  Timestamp                = {2014.07.26}
}

@Article{bianchi2000performance,
  Title                    = {Performance analysis of the {IEEE} 802.11 distributed coordination function},
  Author                   = {Bianchi, G.},
  Journal                  = {IEEE Journal on Selected Areas in Communications},
  Year                     = {2000},
  Number                   = {3},
  Pages                    = {535--547},
  Volume                   = {18},

  Owner                    = {LV},
  Publisher                = {IEEE},
  Timestamp                = {2012.02.15}
}

@Article{Bloch13,
  Title                    = {Pricing in social networks},
  Author                   = {Francis Bloch and Nicolas Qu$\acute{e}$rou},
  Journal                  = {Games and Economic Behavior},
  Year                     = {2013},
  Pages                    = {243 - 261}
}

@InProceedings{boldrini2008contentplace,
  Title                    = {ContentPlace: social-aware data dissemination in opportunistic networks},
  Author                   = {Boldrini, C. and Conti, M. and Passarella, A.},
  Booktitle                = {ACM MSWiM},
  Year                     = {2008},

  Owner                    = {xchen179},
  Timestamp                = {2013.04.26}
}

@Article{Borkar1997,
  Title                    = {Stochastic approximation with two time scales},
  Author                   = {Vivek S. Borkar},
  Journal                  = {Systems \& Control Letters},
  Year                     = {1997},
  Number                   = {5},
  Pages                    = {291 - 294},
  Volume                   = {29}
}

@Article{Borkar97,
  Title                    = {Stochastic Approximation with Two Time Scales},
  Author                   = {Borkar, Vivek S.},
  Journal                  = {Syst. Control Lett.},
  Year                     = {1997},
  Number                   = {5},
  Pages                    = {291--294},
  Volume                   = {29}
}

@Article{Olivier09,
  Title                    = {Learning Equilibria in Games by Stochastic Distributed Algorithms},
  Author                   = {Olivier Bournez and Johanne Cohen},
  Journal                  = {CoRR},
  Year                     = {2009},
  Volume                   = {abs/0907.1916},

  __markedentry            = {[ZDREAMY:1]}
}

@Article{boutaba2009toward,
  Title                    = {Toward Autonomic Networks: Knowledge Management and Self-Stabilization},
  Author                   = {Boutaba, R. and Xiao, J. and Zhang, Q.},
  Journal                  = {Autonomic Computing and Networking},
  Year                     = {2009},
  Pages                    = {239--260},

  Publisher                = {Springer}
}

@Book{Boyd2004,
  Title                    = {Convex Optimization},
  Author                   = {Boyd, Stephen and Vandenberghe, Lieven},
  Publisher                = {Cambridge University Press},
  Year                     = {2004}
}

@Book{boyd2004convex,
  Title                    = {Convex optimization},
  Author                   = {Boyd, Stephen and Vandenberghe, Lieven},
  Publisher                = {Cambridge university press},
  Year                     = {2004}
}

@Book{CO,
  Title                    = {Convex optimization},
  Author                   = {S. Boyd and L. Vandenberghe},
  Publisher                = {Cambridge university press},
  Year                     = {2004},

  Owner                    = {LV},
  Timestamp                = {2011.01.03}
}

@Book{DBkey-30,
  Title                    = {Convex optimization},
  Author                   = {S. Boyd and L. Vandenberghe},
  Publisher                = {Cambridge university press},
  Year                     = {2004},

  Owner                    = {LV},
  Timestamp                = {2011.01.03}
}

@Article{Briscoe06,
  Title                    = {Metcalfe's law is wrong-communications networks increase in value as they add members-but by how much?},
  Author                   = {Briscoe, B. and Odlyzko, A. and Tilly, B.},
  Journal                  = {IEEE Spectrum},
  Year                     = {2006},
  Number                   = {7},
  Pages                    = {34-39},
  Volume                   = {43}
}

@InCollection{brown_51,
  Title                    = {Iterative Solutions of Games by Fictitious Play},
  Author                   = {G. W. Brown},
  Booktitle                = {Activity Analysis of Production and Allocation},
  Year                     = {1951},
  Pages                    = {374--376}
}

@Article{brunner2011autonomic,
  Title                    = {Autonomic Wireless Network Management},
  Author                   = {Brunner, M. and Eggert, L. and Felis, S. and Schmid, S. and Zimmermann, K.},
  Journal                  = {IFIP Lecture Notes in Computer Science (LNCS)},
  Year                     = {2011},
  Number                   = {3854},
  Pages                    = {57--70},
  Volume                   = {3854}
}

@InProceedings{Buchegger02,
  Title                    = {Performance analysis of the {CONFIDANT} protocol},
  Author                   = {S. Buchegger and J.-Y. L. Boudec},
  Booktitle                = {Proc. ACM MOBIHOC 2002}
}

@InProceedings{Buchegger02,
  Title                    = {Performance analysis of the {CONFIDANT} protocol},
  Author                   = {S. Buchegger and J.-Y. L. Boudec},
  Booktitle                = {ACM MOBIHOC 2002}
}

@InProceedings{Buttyan:Effectiveness,
  Title                    = {{On the effectiveness of changing pseudonyms to provide location privacy in VANETS}},
  Author                   = {L. Buttyan and T. Holczer and I. Vajda},
  Booktitle                = {Proceedings of ESAS},
  Year                     = {2007},

  Date-added               = {2014-07-26 21:43:43 +0000},
  Date-modified            = {2014-07-26 21:43:43 +0000},
  Owner                    = {ZDREAMY},
  Timestamp                = {2014.07.26}
}

@InProceedings{cabaniss2010dynamic,
  Title                    = {Dynamic social grouping based routing in a mobile ad-hoc network},
  Author                   = {Cabaniss, R. and Madria, S. and Rush, G. and Trotta, A. and Vulli, S.S.},
  Booktitle                = {High Performance Computing (HiPC), 2010 International Conference on},
  Year                     = {2010},
  Pages                    = {1--8},

  Owner                    = {xchen179},
  Timestamp                = {2013.04.26}
}

@Book{camerer2011behavioral,
  Title                    = {Behavioral Game Theory: Experiments in Strategic Interaction},
  Author                   = {Camerer, C. F.},
  Publisher                = {Princeton University Press},
  Year                     = {2011}
}

@Article{asu12,
  Title                    = {Optimal Pricing in Networks with Externalities},
  Author                   = {Candogan, Ozan and Bimpikis, Kostas and Ozdaglar, Asuman},
  Journal                  = {Oper. Res.},
  Year                     = {2012},

  Month                    = jul
}

@Article{Candogan12,
  Title                    = {Optimal Pricing in Networks with Externalities},
  Author                   = {Candogan, O. and Bimpikis, K. and Ozdaglar, A.},
  Journal                  = {INFORMS Operation Research},
  Year                     = {2012},
  Number                   = {4},
  Pages                    = {883-905},
  Volume                   = {60}
}

@Conference{LCao08,
  Title                    = {Stable and efficient spectrum access in next generation dynamic spectrum networks},
  Author                   = {L. Cao and H. Zheng},
  Booktitle                = {Proc.\ INFOCOM'08},
  Year                     = {2008}
}

@Article{CaoTVT,
  Title                    = {Power Allocation and Pricing in Multiuser Relay Networks Using {S}tackelberg and Bargaining Games},
  Author                   = {Q. Cao and H. V. Zhao and Y. Jing},
  Journal                  = {IEEE Transactions on Vehicular Technology},
  Year                     = {2012},

  Month                    = {Sept},
  Number                   = {7},
  Pages                    = {3177-3190},
  Volume                   = {61}
}

@Article{CaoCR,
  Title                    = {Cognitive Radio Based State Estimation in Cyber-Physical Systems},
  Author                   = {X. {Cao} and P. {Cheng} and J. {Chen} and S. S. {Ge} and Y. {Cheng} and Y. {Sun}},
  Journal                  = {IEEE Journal on Selected Areas in Communications},
  Year                     = {2014},
  Number                   = {3},
  Pages                    = {489-502},
  Volume                   = {32}
}

@Article{castelfranchi2001social,
  Title                    = {Social trust: A cognitive approach},
  Author                   = {Castelfranchi, C. and Falcone, R.},
  Journal                  = {Trust and deception in virtual societies},
  Year                     = {2001},
  Pages                    = {55--90},

  Owner                    = {xchen179},
  Publisher                = {Kluwer Academic Publishers},
  Timestamp                = {2013.04.26}
}

@Article{chandy1977product,
  Title                    = {Product form and local balance in queueing networks},
  Author                   = {Chandy, K.M. and Howard Jr, J.H. and Towsley, D.F.},
  Journal                  = {Journal of the ACM (JACM)},
  Year                     = {1977},
  Number                   = {2},
  Pages                    = {250--263},
  Volume                   = {24},

  Owner                    = {LV},
  Publisher                = {ACM},
  Timestamp                = {2012.05.29}
}

@Conference{NChang08,
  Title                    = {Competitive analysis of opportunistic spectrum access strategies},
  Author                   = {N. Chang and M. Liu},
  Booktitle                = {Proc.\ INFOCOM'08},
  Year                     = {2008}
}

@Conference{mingyanliu,
  Title                    = {Optimal channel probing and transmission scheduling for opportunistic spectrum access},
  Author                   = {Nicholas B. Chang and Mingyan Liu},
  Booktitle                = {Proc.\ mobihoc'07},
  Year                     = {2007}
}

@InProceedings{chau2009capacity,
  Title                    = {Capacity of large-scale CSMA wireless networks},
  Author                   = {Chau, C.K. and Chen, M. and Liew, S.C.},
  Booktitle                = {Proceedings of ACM Mobicom},
  Year                     = {2009},
  Pages                    = {97--108},

  Owner                    = {xchen179},
  Timestamp                = {2013.04.26}
}

@Article{Jiming,
  Title                    = {Narrowband Internet of Things: Implementations and Applications},
  Author                   = {J. Chen and K. Hu and Q. Wang and Y. Sun and Z. Shi and S. He},
  Journal                  = {IEEE Internet of Things Journal},
  Year                     = {2017},
  Number                   = {6},
  Pages                    = {2309-2314},
  Volume                   = {4}
}

@InProceedings{Chen2010,
  Title                    = {Markov approximation for combinatorial network optimization},
  Author                   = {Chen, M. and Liew, S.C. and Shao, Z. and Kai, C.},
  Booktitle                = {Proceedings of IEEE INFOCOM},
  Year                     = {2010},
  Organization             = {IEEE},
  Pages                    = {1--9}
}

@InProceedings{chen2010,
  Title                    = {Markov Approximation for Combinatorial Network Optimization},
  Author                   = {Chen, Minghua and Liew, Soung Chang and Shao, Ziyu and Kai, Caihong},
  Booktitle                = {Proceedings of the 29th Conference on Information Communications},
  Year                     = {2010},
  Pages                    = {1783--1791},
  Series                   = {INFOCOM'10}
}

@InProceedings{chen2010markov,
  Title                    = {Markov approximation for combinatorial network optimization},
  Author                   = {Chen, Minghua and Liew, Soung Chang and Shao, Ziyu and Kai, Caihong},
  Booktitle                = {IEEE INFOCOM},
  Year                     = {2010},
  Organization             = {IEEE},
  Pages                    = {1--9}
}

@Article{echo,
  Title                    = {Echo State Networks for Self-Organizing Resource Allocation in {LTE-U} With Uplink-Downlink Decoupling},
  Author                   = {M. Chen and W. Saad and C. Yin},
  Journal                  = {IEEE Transactions on Wireless Communications},
  Year                     = {2017},

  Month                    = {Jan},
  Number                   = {1},
  Pages                    = {3-16},
  Volume                   = {16}
}

@InProceedings{Chen14,
  Title                    = {Optimal Competitive Auctions},
  Author                   = {Chen, Ning and Gravin, Nick and Lu, Pinyan},
  Booktitle                = {Proc. the 46th Annual ACM Symposium on Theory of Computing},
  Year                     = {2014}
}

@InProceedings{chen2008altruism,
  Title                    = {Altruism, selfishness, and spite in traffic routing},
  Author                   = {Chen, Po-An and Kempe, David},
  Booktitle                = {the 9th ACM conference on Electronic commerce},
  Year                     = {2008}
}

@Article{chen2011cooperative,
  Title                    = {Cooperative spectrum sensing strategies for cognitive radio mesh networks},
  Author                   = {Chen, Qian and Motani, Mehul and Wong, Wai-Choong and Nallanathan, Arumugam},
  Journal                  = {IEEE Journal of Selected Topics in Signal Processing},
  Year                     = {2011},
  Number                   = {1},
  Pages                    = {56--67},
  Volume                   = {5},

  Publisher                = {IEEE}
}

@Article{Chenjournal,
  Title                    = {Exploiting Social Tie Structure for Cooperative Wireless Networking: A Social Group Utility Maximization Framework},
  Author                   = {X. Chen and X. Gong and L. Yang and J. Zhang},
  Journal                  = {IEEE/ACM Transactions on Networking},
  Year                     = {2016},

  Month                    = {December},
  Number                   = {6},
  Pages                    = {3593-3606},
  Volume                   = {24}
}

@InProceedings{Chen14,
  Title                    = {A Social Group Utility Maximization Framework with Applications in Database Assisted Spectrum Access},
  Author                   = {Chen, X. and Gong, X. and Yang, L. and Zhang, J.},
  Booktitle                = {Proc. 33rd IEEE INFOCOM},
  Year                     = {2014}
}

@InProceedings{XChen14,
  Title                    = {A social group utility maximization framework with applications in database assisted spectrum access},
  Author                   = {Xu Chen and Xiaowen Gong and Lei Yang and Junshan Zhang},
  Year                     = {2014},

  Journal                  = {Proceedings of IEEE INFOCOM}
}

@TechReport{Xu2013INFOCOM,
  Title                    = {Social Group Utility Maximization Framework with Application in Database Assissted Spectrum Access},
  Author                   = {Chen, Xu and Gong, Xiaowen and Yang, Lei and Zhang, Junshan},
  Institution              = {Arizona State University},
  Year                     = {2013},

  Owner                    = {xchen179},
  Timestamp                = {2013.07.12},
  Url                      = {http://www.public.asu.edu/~xchen179/SGAppendix.pdf}
}

@InProceedings{chen2012game,
  Title                    = {Game theoretic analysis of distributed spectrum sharing with database},
  Author                   = {Chen, Xu and Huang, Jianwei},
  Booktitle                = {IEEE 32nd International Conference on Distributed Computing Systems (ICDCS)},
  Year                     = {2012},
  Organization             = {IEEE},
  Pages                    = {255--264}
}

@InProceedings{chen2012imitative,
  Title                    = {Imitative spectrum access},
  Author                   = {Chen, Xu and Huang, Jianwei},
  Booktitle                = {2012 10th International Symposium on Modeling and Optimization in Mobile, Ad Hoc and Wireless Networks (WiOpt)},
  Year                     = {2012},
  Organization             = {IEEE},
  Pages                    = {145--152}
}

@InProceedings{chen2012spatial,
  Title                    = {Spatial spectrum access game: Nash equilibria and distributed learning},
  Author                   = {Chen, X. and Huang, J.},
  Booktitle                = {Proceedings of the thirteenth ACM international symposium on Mobile Ad Hoc Networking and Computing},
  Year                     = {2012},
  Organization             = {ACM},
  Pages                    = {205--214}
}

@InProceedings{chen2012spatial,
  Title                    = {Spatial spectrum access game: Nash equilibria and distributed learning},
  Author                   = {Chen, X. and Huang, J.},
  Booktitle                = {Proceedings of ACM MOBIHOC},
  Year                     = {2012}
}

@Conference{ICDCS2012,
  Title                    = {Game Theoretic Analysis of Distributed Spectrum Sharing With Database},
  Author                   = {Xu Chen and Jianwei Huang},
  Booktitle                = {the 32nd International Conference on Distributed Computing Systems (ICDCS)},
  Year                     = {2012},

  Owner                    = {LV},
  Timestamp                = {2012.04.11},
  Url                      = {http://ncel.ie.cuhk.edu.hk/sites/default/files/ICDCS2012.pdf}
}

@InProceedings{chen2011adaptive,
  Title                    = {Adaptive channel recommendation for dynamic spectrum access},
  Author                   = {Chen, Xu and Huang, Jianwei and Li, Husheng},
  Booktitle                = {2011 IEEE Symposium on New Frontiers in Dynamic Spectrum Access Networks (DySPAN)},
  Year                     = {2011},
  Organization             = {IEEE},
  Pages                    = {116--124}
}

@Conference{Chen2012Spatial,
  Title                    = {Spatial Spectrum Access Game: Nash Equilibria and Distributed Learning},
  Author                   = {X. Chen and J. Huang,},
  Booktitle                = {ACM International Symposium on Mobile Ad Hoc Networking and Computing (MobiHoc)},
  Year                     = {2012},

  Owner                    = {LV},
  Timestamp                = {2012.03.12}
}

@InProceedings{Chen13,
  Title                    = {Social Trust and Social Reciprocity Based Cooperative {D2D} Communications},
  Author                   = {Chen, X. and Proulx, B. and Gong, X. and Zhang, J.},
  Booktitle                = {ACM MOBIHOC 2013}
}

@Article{6839046,
  Title                    = {Exploiting Social Ties for Cooperative D2D Communications: A Mobile Social Networking Case},
  Author                   = {Xu Chen and Proulx, B. and Xiaowen Gong and Junshan Zhang},
  Journal                  = {Networking, IEEE/ACM Transactions on},
  Year                     = {2015},
  Number                   = {5},
  Pages                    = {1471-1484},
  Volume                   = {23}
}

@InProceedings{Chen13,
  Title                    = {Social Trust and Social Reciprocity Based Cooperative {D2D} Communications},
  Author                   = {Chen, X. and Proulx, B. and Gong, X. and Zhang, J.},
  Booktitle                = {Proceedings of 14th ACM MobiHoc},
  Year                     = {2013}
}

@InProceedings{Chen2013,
  Title                    = {Social Trust and Social Reciprocity Based Cooperative D2D Communications},
  Author                   = {Chen, Xu and Proulx, Brian and Gong, Xiaowen and Zhang, Junshan},
  Booktitle                = {Proceedings of the Fourteenth ACM International Symposium on Mobile Ad Hoc Networking and Computing},
  Year                     = {2013},
  Pages                    = {187--196},
  Series                   = {MobiHoc '13},

  Location                 = {Bangalore, India}
}

@InProceedings{Xu2013,
  Title                    = {Social trust and social reciprocity based cooperative D2D communications},
  Author                   = {X. Chen and B. Proulx and X. Gong and J. Zhang},
  Booktitle                = {ACM MOBIHOC},
  Year                     = {2013},

  Owner                    = {xchen179},
  Timestamp                = {2013.07.12}
}

@InProceedings{Baochun,
  Title                    = {Incentivizing crowdsourcing systems with network effects},
  Author                   = {Y. Chen and B. Li and Q. Zhang},
  Booktitle                = {Proceedings of 35th IEEE INFOCOM},
  Year                     = {2016},
  Pages                    = {1-9}
}

@Article{chen2008joint,
  Title                    = {Joint design and separation principle for opportunistic spectrum access in the presence of sensing errors},
  Author                   = {Chen, Yunxia and Zhao, Qing and Swami, Ananthram},
  Journal                  = {IEEE Transactions on Information Theory},
  Year                     = {2008},
  Number                   = {5},
  Pages                    = {2053--2071},
  Volume                   = {54},

  Publisher                = {IEEE}
}

@Article{YChenIT08,
  Title                    = {Joint design and separation principle for opportunistic spectrum access in the presence of sensing errors},
  Author                   = {Y. Chen and Q. Zhao and A. Swami},
  Journal                  = {IEEE Transaction on Information Theory},
  Year                     = {2008},
  Number                   = {5},
  Pages                    = {2053-2071},
  Volume                   = {54}
}

@InProceedings{cheng2014aircloud,
  Title                    = {AirCloud: a cloud-based air-quality monitoring system for everyone},
  Author                   = {Cheng, Yun and others},
  Booktitle                = {Proc. of ACM SenSys 2014},
  Pages                    = {251--265}
}

@InProceedings{cheung2015distributed,
  Title                    = {Distributed time-sensitive task selection in mobile crowdsensing},
  Author                   = {Cheung, M. and Southwell, R. and Hou, F. and Huang, J.},
  Booktitle                = {Proc. {ACM} MobiHoc'15},
  Year                     = {2015},
  Pages                    = {157--166}
}

@InProceedings{Huang17,
  Title                    = {Make a difference: Diversity-driven social mobile crowdsensing},
  Author                   = {M. H. Cheung and F. Hou and J. Huang},
  Booktitle                = {Proc. 36th IEEE INFOCOM},
  Year                     = {2017},
  Pages                    = {1-9}
}

@InProceedings{cheung2015distributed,
  Title                    = {Distributed time-sensitive task selection in mobile crowdsensing},
  Author                   = {Cheung, Man Hon and Southwell, Richard and Hou, Fen and Huang, Jianwei},
  Booktitle                = {Proceedings of MobiHoc'15},
  Pages                    = {157--166}
}

@Article{chiang2007layering,
  Title                    = {Layering as optimization decomposition: A mathematical theory of network architectures},
  Author                   = {Chiang, Mung and Low, Steven H and Calderbank, A Robert and Doyle, John C},
  Journal                  = {Proceedings of the IEEE},
  Year                     = {2007},
  Number                   = {1},
  Pages                    = {255--312},
  Volume                   = {95},

  Publisher                = {IEEE}
}

@Article{TIICR,
  Title                    = {Using Cognitive Radio for Interference-Resistant Industrial Wireless Sensor Networks: An Overview},
  Author                   = {T. M. {Chiwewe} and C. F. {Mbuya} and G. P. {Hancke}},
  Journal                  = {IEEE Transactions on Industrial Informatics},
  Year                     = {2015},
  Number                   = {6},
  Pages                    = {1466-1481},
  Volume                   = {11}
}

@Article{TII-game,
  Title                    = {Using Cognitive Radio for Interference-Resistant Industrial Wireless Sensor Networks: An Overview},
  Author                   = {T. M. Chiwewe and C. F. Mbuya and G. P. Hancke},
  Journal                  = {IEEE Transactions on Industrial Informatics},
  Year                     = {2015},

  Month                    = {Dec},
  Number                   = {6},
  Volume                   = {11}
}

@InProceedings{cho2011friendship,
  Title                    = {Friendship and mobility: user movement in location-based social networks},
  Author                   = {Cho, Eunjoon and Myers, Seth A and Leskovec, Jure},
  Booktitle                = {ACM SIGKDD},
  Year                     = {2011},
  Pages                    = {1082--1090}
}

@Article{Christin,
  Title                    = {A Survey on Privacy in Mobile Participatory Sensing Applications},
  Author                   = {Christin, Delphine and Reinhardt, Andreas and Kanhere, Salil S. and Hollick, Matthias},
  Journal                  = {J. Syst. Softw.},
  Year                     = {November, 2011}
}

@Article{christin2011survey,
  Title                    = {A survey on privacy in mobile participatory sensing applications},
  Author                   = {Christin, D. and Reinhardt, A. and Kanhere, S. S. and Hollick, M.},
  Journal                  = {Journal of Systems and Software},
  Year                     = {2011},
  Number                   = {11},
  Pages                    = {1928--1946},
  Volume                   = {84},

  Publisher                = {Elsevier}
}

@Article{clarke1971multipart,
  Title                    = {Multipart pricing of public goods},
  Author                   = {Clarke, Edward H},
  Journal                  = {Public choice},
  Year                     = {1971},
  Number                   = {1},
  Pages                    = {17--33},
  Volume                   = {11},

  Publisher                = {Springer}
}

@Article{Cormio10,
  Title                    = {Common control channel design for cognitive radio wireless ad hoc networks using adaptive frequency hopping},
  Author                   = {Claudia Cormio and Kaushik R. Chowdhury},
  Journal                  = {Ad Hoc Networks},
  Year                     = {2010},
  Number                   = {4},
  Pages                    = {430 - 438},
  Volume                   = {8}
}

@Book{externality,
  Title                    = {The Theory of Externalities, Public Goods, and Club Goods},
  Author                   = {Cornes, R. and Sandler, T.},
  Publisher                = {Cambridge University Press},
  Year                     = {1996}
}

@Article{Costa2008,
  Title                    = {Socially-aware routing for publish-subscribe in delay-tolerant mobile ad hoc networks},
  Author                   = {Costa, P. and Mascolo, C. and Musolesi, M. and Picco, G.P.},
  Journal                  = {IEEE JSAC},
  Year                     = {2008},
  Number                   = {5},
  Pages                    = {748--760},
  Volume                   = {26},

  Owner                    = {xchen179},
  Publisher                = {IEEE},
  Timestamp                = {2013.04.26}
}

@Article{Costa08,
  Title                    = {Socially-aware routing for publish-subscribe in delay-tolerant mobile ad hoc networks},
  Author                   = {Costa, Paolo and Mascolo, Cecilia and Musolesi, Mirco and Picco, Gian Pietro},
  Journal                  = {IEEE Journal on Selected Areas in Communications},
  Year                     = {2008},
  Number                   = {5},
  Pages                    = {748-760},
  Volume                   = {26}
}

@Article{costa2008socially,
  Title                    = {Socially-aware routing for publish-subscribe in delay-tolerant mobile ad hoc networks},
  Author                   = {Costa, Paolo and Mascolo, Cecilia and Musolesi, Mirco and Picco, Gian Pietro},
  Journal                  = {IEEE JSAC},
  Year                     = {2008},
  Number                   = {5},
  Pages                    = {748--760},
  Volume                   = {26},

  Publisher                = {IEEE}
}

@Article{ReneCruz,
  Title                    = {A calculus for network delay, part {I}: network elements in isolation},
  Author                   = {Rene L. Cruz},
  Journal                  = {IEEE Transaction on Information Theory},
  Year                     = {1991},
  Number                   = {1},
  Pages                    = {114-131},
  Volume                   = {37}
}

@Article{dandekar2014privacy,
  Title                    = {Privacy auctions for recommender systems},
  Author                   = {Dandekar, P. and Fawaz, N. and Ioannidis, S.},
  Journal                  = {ACM Transactions on Economics and Computation},
  Year                     = {2014},
  Number                   = {3},
  Pages                    = {12},
  Volume                   = {2},

  Publisher                = {ACM}
}

@InProceedings{Dandekar10,
  Title                    = {Liquidity in credit networks: A little trust goes a long way},
  Author                   = {Dandekar, P. and Goel, A. and Govindan, R. and Post, I.},
  Booktitle                = {Proc. ACM EC 2011}
}

@InProceedings{Dandekar10,
  Title                    = {Liquidity in credit networks: A little trust goes a long way},
  Author                   = {Dandekar, P. and Goel, A. and Govindan, R. and Post, I.},
  Booktitle                = {ACM EC 2011}
}

@InProceedings{Dandekar,
  Title                    = {Strategic formation of credit networks},
  Author                   = {Dandekar, P. and Goel, A. and Wellman, M.~P. and Wiedenbeck, B.},
  Booktitle                = {Proc. ACM WWW 2012}
}

@InProceedings{Dandekar12,
  Title                    = {Strategic formation of credit networks},
  Author                   = {Dandekar, P. and Goel, A. and Wellman, M.~P. and Wiedenbeck, B.},
  Booktitle                = {ACM WWW 2012}
}

@Book{David10,
  Title                    = {Networks, Crowds, and Markets: Reasoning About a Highly Connected World},
  Author                   = {David, E. and Jon, K.},
  Publisher                = {Cambridge University Press},
  Year                     = {2010}
}

@InProceedings{db7,
  Title                    = {Dynamic spectrum access in {DTV} whitespaces: design rules, architecture and algorithms},
  Author                   = {Supratim Deb and Vikram Srinivasan and Ritesh Maheshwari},
  Booktitle                = {MOBICOM},
  Year                     = {2009},
  Pages                    = {1--12},

  Bibdate                  = {2009-11-23},
  Bibsource                = {DBLP, http://dblp.uni-trier.de/db/conf/mobicom/mobicom2009.html#DebSM09},
  ISBN                     = {978-1-60558-702-8}
}

@Article{Debreu52,
  Title                    = {A Social Equilibrium Existence Theorem},
  Author                   = {Debreu, B},
  Journal                  = {Proc. of the National Academy of Sciences of the United States of America},
  Year                     = {1952},
  Number                   = {10},
  Pages                    = {886-893},
  Volume                   = {38}
}

@InProceedings{DeFigueiredo05,
  Title                    = {Trustdavis: A non-exploitable online reputation system},
  Author                   = {DeFigueiredo, D. B., and Barr, E. T.},
  Booktitle                = {Proc. IEEE E-Commerce Technology 2005}
}

@InProceedings{DeFigueiredo05,
  Title                    = {Trustdavis: A non-exploitable online reputation system},
  Author                   = {DeFigueiredo, D. B., and Barr, E. T.},
  Booktitle                = {IEEE E-Commerce Technology 2005}
}

@Article{Deng,
  Title                    = {Towards balanced energy charging and transmission collision in wireless rechargeable sensor networks},
  Author                   = {R. Deng and S. He and P. Cheng and Y. Sun},
  Journal                  = {Journal of Communications and Networks},
  Year                     = {2017},
  Number                   = {4},
  Pages                    = {341-350},
  Volume                   = {19}
}

@InProceedings{Denkovski12,
  Title                    = {Practical assessment of RSS-based localization in indoor environments},
  Author                   = {Denkovski, D. and Angjelicinoski, M. and Atanasovski, V. and Gavrilovska, L.},
  Booktitle                = {MILITARY COMMUNICATIONS CONFERENCE, 2012 - MILCOM 2012},
  Year                     = {2012},
  Month                    = {Oct},
  Pages                    = {1-6}
}

@Article{derr2011extended,
  Title                    = {Extended virtual spring mesh (EVSM): the distributed self-organizing mobile ad hoc network for area exploration},
  Author                   = {Derr, K. and Manic, M.},
  Journal                  = {IEEE Transactions on Industrial Electronics},
  Year                     = {2011},
  Number                   = {12},
  Pages                    = {5424--5437},
  Volume                   = {58},

  Publisher                = {IEEE}
}

@Article{dobson2006survey,
  Title                    = {A survey of autonomic communications},
  Author                   = {Dobson, S. and Denazis, S. and Fern{\'a}ndez, A. and Ga{\"\i}ti, D. and Gelenbe, E. and Massacci, F. and Nixon, P. and Saffre, F. and Schmidt, N. and Zambonelli, F.},
  Journal                  = {ACM Transactions on Autonomous and Adaptive Systems (TAAS)},
  Year                     = {2006},
  Number                   = {2},
  Pages                    = {223--259},
  Volume                   = {1},

  Publisher                = {ACM}
}

@InProceedings{Duan13,
  Title                    = {Optimal pricing for local and global {WiFi} markets},
  Author                   = {Duan, Lingjie and Huang, Jianwei and Shou, Biying},
  Booktitle                = {Proc. IEEE INFOCOM 2013}
}

@Article{Duan12,
  Title                    = {Duopoly Competition in Dynamic Spectrum Leasing and Pricing},
  Author                   = {Lingjie Duan and Jianwei Huang and Biying Shou},
  Journal                  = {IEEE Transactions on Mobile Computing},
  Year                     = {2012},

  Month                    = {Nov},
  Pages                    = {1706-1719}
}

@Conference{ap4,
  Title                    = {Competition with Dynamic spectrum leasing},
  Author                   = {L. Duan and J. Huang and B. Shou},
  Booktitle                = {IEEE Symposia on New Frontiers in Dynamic Spectrum Access Netoworks (DySpan)},
  Year                     = {2010},

  Owner                    = {LV},
  Timestamp                = {2011.10.27}
}

@InProceedings{Duan13economic,
  Title                    = {Economic analysis of 4{G} network upgrade},
  Author                   = {Duan, Lingjie and Huang, Jianwei and Walrand, Jean},
  Booktitle                = {Proc. IEEE INFOCOM 2013}
}

@Article{Duan15,
  Title                    = {Economic Analysis of 4{G} Upgrade Timing},
  Author                   = {Lingjie Duan and Jianwei Huang and Jean C. Walrand},
  Journal                  = {{IEEE} Trans. Mob. Comput.},
  Year                     = {2015},
  Pages                    = {975--989}
}

@Article{Duan14,
  Title                    = {Motivating Smartphone Collaboration in Data Acquisition and Distributed Computing},
  Author                   = {L. Duan and T. Kubo and K. Sugiyama and J. Huang and T. Hasegawa and J. C. Walrand},
  Journal                  = {{IEEE} Trans. Mob. Comput.},
  Year                     = {2014},
  Number                   = {10},
  Pages                    = {2320--2333},
  Volume                   = {13}
}

@InProceedings{duan2012incentive,
  Title                    = {Incentive mechanisms for smartphone collaboration in data acquisition and distributed computing},
  Author                   = {Duan, L. and Kubo, T.and Sugiyama, K. and Huang, J. and Hasegawa, T. and Walrand, J.},
  Booktitle                = {Proceedings of {IEEE} {INFOCOM}'12},
  Year                     = {2012},
  Pages                    = {1701--1709}
}

@Article{duan2017distributed,
  Title                    = {Distributed Algorithms to Compute Walrasian Equilibrium in Mobile Crowdsensing},
  Author                   = {Duan, Xiaoming and Zhao, Chengcheng and He, Shibo and Cheng, Peng and Zhang, Junshan},
  Journal                  = {IEEE Transactions on Industrial Electronics},
  Year                     = {2017},
  Number                   = {5},
  Pages                    = {4048--4057},
  Volume                   = {64}
}

@Article{Xiaoming,
  Title                    = {Distributed Algorithms to Compute {W}alrasian Equilibrium in Mobile Crowdsensing},
  Author                   = {X. Duan and C. Zhao and S. He and P. Cheng and J. Zhang},
  Journal                  = {IEEE Transactions on Industrial Electronics},
  Year                     = {2017},
  Number                   = {5},
  Pages                    = {4048-4057},
  Volume                   = {64}
}

@InProceedings{dwork2008differential,
  Title                    = {Differential privacy: A survey of results},
  Author                   = {Dwork, Cynthia},
  Booktitle                = {International Conference on Theory and Applications of Models of Computation},
  Year                     = {2008},
  Organization             = {Springer},
  Pages                    = {1--19}
}

@InCollection{Dwork,
  Title                    = {Differential Privacy},
  Author                   = {Dwork, Cynthia},
  Booktitle                = {Automata, Languages and Programming},
  Publisher                = {Springer Berlin Heidelberg},
  Year                     = {2006},
  Pages                    = {1-12},
  Series                   = {Lecture Notes in Computer Science},
  Volume                   = {4052}
}

@InProceedings{Dwork:Differential,
  Title                    = {Differential privacy},
  Author                   = {C. Dwork},
  Booktitle                = {Proceedings of ICALP},
  Year                     = {2006},

  Date-added               = {2014-07-26 21:44:53 +0000},
  Date-modified            = {2014-07-26 21:44:53 +0000},
  Owner                    = {ZDREAMY},
  Timestamp                = {2014.07.26}
}

@InProceedings{dwork06,
  Title                    = {Differential Privacy},
  Author                   = {C. Dwork},
  Booktitle                = {33rd International Colloquium on Automata, Languages and Programming, part II (ICALP 2006)},
  Year                     = {2006},
  Month                    = {July},
  Pages                    = {1-12},
  Volume                   = {4052}
}

@InProceedings{dwork2006calibrating,
  Title                    = {Calibrating noise to sensitivity in private data analysis},
  Author                   = {Dwork, Cynthia and McSherry, Frank and Nissim, Kobbi and Smith, Adam},
  Booktitle                = {Proceedings of TCC'06},
  Organization             = {Springer},
  Pages                    = {265--284},
  Volume                   = {3876}
}

@Article{dwork2014algorithmic,
  Title                    = {The algorithmic foundations of differential privacy},
  Author                   = {Dwork, Cynthia and others},
  Journal                  = {Foundations and Trends in Theoretical Computer Science},
  Year                     = {2014},
  Number                   = {3--4},
  Pages                    = {211--407},
  Volume                   = {9},

  Publisher                = {Now Publishers, Inc.}
}

@InProceedings{EI10,
  Title                    = {Hyber{L}oc: Providing Physical Layer Location Privacy in Hybrid Sensor Networks},
  Author                   = {El-Badry, R. and Sultan, A. and Youssef, M.},
  Booktitle                = {Proceedings of IEEE ICC},
  Year                     = {2010}
}

@InProceedings{Erdos,
  Title                    = {On the Evolution of Random Graphs},
  Author                   = {P. Erd\H{o}s and A R\'enyi},
  Booktitle                = {Pub. Math. Inst. Hungarian Acad. Sci.},
  Year                     = {1960},
  Pages                    = {17--61}
}

@Article{Erdos60,
  Title                    = {On the evolution of random graphs},
  Author                   = {Erdos, P. and Renyi, A.},
  Journal                  = {Publications of the Mathematical Institute of the Hungarian Academy of Sciences},
  Year                     = {1960},
  Pages                    = {17-61}
}

@Article{Erdos60,
  Title                    = {On the evolution of random graphs},
  Author                   = {Erdos, P. and Renyi, A.},
  Journal                  = {Publications of the Mathematical Institute of the Hungarian Academy of Sciences},
  Year                     = {1960},
  Pages                    = {17-61}
}

@Article{Ernst00,
  Title                    = {Fairness and Retaliation: The Economics of Reciprocity},
  Author                   = {Ernst, F. and G\"{a}chter, S.},
  Journal                  = {Journal of Economic Perspectives},
  Year                     = {2000},
  Number                   = {3},
  Pages                    = {159-181},
  Volume                   = {14}
}

@Article{Eryilmaz_Medard_IT08,
  Title                    = {On the delay and throughput gains of coding in unreliable networks},
  Author                   = {Atilla Eryilmaz and Asuman Ozdaglar and Muriel M$\acute{e}$dard},
  Journal                  = {IEEE Transaction on Information Theory},
  Year                     = {2008},
  Number                   = {12},
  Pages                    = {5511--5524},
  Volume                   = {54}
}

@Article{Fainmesser2016,
  Title                    = {Pricing Network Effects},
  Author                   = {Fainmesser, Itay P. and Galeotti, Andrea},
  Journal                  = {The Review of Economic Studies},
  Year                     = {2016},
  Number                   = {1},
  Pages                    = {165-198},
  Volume                   = {83}
}

@Article{Fan52,
  Title                    = {Fixed-point and Minimax Theorems in Locally Convex Topological Linear Spaces},
  Author                   = {Fan, K.},
  Journal                  = {Proc. of the National Academy of Sciences of the United States of America},
  Year                     = {1952},
  Number                   = {2},
  Pages                    = {121-126},
  Volume                   = {38}
}

@Article{electricity10,
  Title                    = {Household response to dynamic pricing of electricity: a survey of 15 experiments},
  Author                   = {Faruqui, Ahmad and Sergici, Sanem},
  Journal                  = {Journal of Regulatory Economics},
  Year                     = {2010},
  Number                   = {2},
  Volume                   = {38}
}

@InProceedings{Ali12,
  Title                    = {Duopoly pricing game in networks with local coordination effects},
  Author                   = {Fazeli, A. and Jadbabaie, A.},
  Booktitle                = {IEEE 51st Annual Conference on Decision and Control (CDC)},
  Year                     = {2012},
  Pages                    = {2684-2689}
}

@Unpublished{FCCSeptember232010,
  Title                    = {SECOND MEMORANDUM OPINION AND ORDER},
  Author                   = {FCC},
  Year                     = {September 23, 2010},

  Owner                    = {LV},
  Timestamp                = {2011.10.27},
  Url                      = {http://transition.fcc.gov/Daily_Releases/Daily_Business/2010/db0923/FCC-10-174A1.pdf}
}

@Standard{FCC,
  Title                    = {THIRD MEMORANDUM OPINION AND ORDER},
  Organization             = {FCC},
  Author                   = {{FCC}},
  Year                     = {April 5, 2012},

  Owner                    = {xchen179},
  Timestamp                = {2013.04.08}
}

@Conference{FCCApril52012,
  Title                    = {THIRD MEMORANDUM OPINION AND ORDER},
  Author                   = {{FCC}},
  Year                     = {April 5, 2012},

  Owner                    = {xchen179},
  Timestamp                = {2012.10.01},
  Url                      = {http://hraunfoss.fcc.gov/edocs_public/attachmatch/FCC-12-36A1.pdf}
}

@Conference{db6,
  Title                    = {Database-Assisted Multi-AP Network on TV White Spaces: Architecture, Spectrum Allocation and AP Discovery},
  Author                   = {Xiaojun Feng and Jin Zhang and Qian Zhang},
  Booktitle                = {IEEE Symposia on New Frontiers in Dynamic Spectrum Access Netoworks (DySpan)},
  Year                     = {2011},

  Owner                    = {LV},
  Timestamp                = {2011.10.27}
}

@InProceedings{fenghybrid2013,
  Title                    = {Hybrid Pricing for TV White Space Database},
  Author                   = {Feng, Xiaojun and Zhang, Qian and Zhang, Jin},
  Booktitle                = {Proceedings of IEEE INFOCOM},
  Year                     = {2013}
}

@InProceedings{feng2014trac,
  Title                    = {{TRAC}: Truthful auction for location-aware collaborative sensing in mobile crowdsourcing},
  Author                   = {Feng, Zhenni and others},
  Booktitle                = {Proc. of IEEE INFOCOM 2014},
  Pages                    = {1231--1239}
}

@InProceedings{feng14,
  Title                    = {{TRAC:} Truthful auction for location-aware collaborative sensing in mobile crowdsourcing},
  Author                   = {Zhenni Feng and Yanmin Zhu and Qian Zhang and Lionel M. Ni and Athanasios V. Vasilakos},
  Booktitle                = {Proc. IEEE {INFOCOM}},
  Year                     = {2014}
}

@InProceedings{feng2014trac,
  Title                    = {{TRAC}: Truthful auction for location-aware collaborative sensing in mobile crowdsourcing},
  Author                   = {Feng, Z. and Zhu, Y. and Zhang, Q. and Ni, L. M. and Vasilakos, A. V.},
  Booktitle                = {Proceedings of {IEEE} {INFOCOM}'14},
  Year                     = {2014},
  Pages                    = {1231--1239}
}

@InProceedings{fleischer2012approximately,
  Title                    = {Approximately optimal auctions for selling privacy when costs are correlated with data},
  Author                   = {Fleischer, Lisa K and Lyu, Yu-Han},
  Booktitle                = {Proceedings of ACM EC'12},
  Pages                    = {568--585}
}

@Article{fodor2012design,
  Title                    = {Design aspects of network assisted device-to-device communications},
  Author                   = {Fodor, G. and Dahlman, E. and Mildh, G. and Parkvall, S. and Reider, N. and Mikl{\'o}s, G. and Tur{\'a}nyi, Z.},
  Journal                  = {IEEE Communications Magazine},
  Year                     = {2012},
  Number                   = {3},
  Pages                    = {170--177},
  Volume                   = {50},

  Owner                    = {xchen179},
  Publisher                = {IEEE},
  Timestamp                = {2013.04.26}
}

@InProceedings{mix07,
  Title                    = {Mix-{Z}ones for {L}ocation {P}rivacy in {V}ehicular {N}etworks},
  Author                   = {Freudiger, Julien and Raya, Maxim and FÃÂ©legyhÃÂ¡zi, MÃÂ¡rk and Papadimitratos, Panos and Hubaux, Jean-Pierre},
  Booktitle                = {{ACM} {W}orkshop on {W}ireless {N}etworking for {I}ntelligent {T}ransportation {S}ystems ({W}i{N}-{ITS})},
  Year                     = {2007},

  Location                 = {Vancouver, BC, Canada}
}

@Article{cloudfog,
  Title                    = {Secure Data Storage and Searching for Industrial IoT by Integrating Fog Computing and Cloud Computing},
  Author                   = {J. {Fu} and Y. {Liu} and H. {Chao} and B. K. {Bhargava} and Z. {Zhang}},
  Journal                  = {IEEE Transactions on Industrial Informatics},
  Year                     = {2018},
  Number                   = {10},
  Pages                    = {4519-4528},
  Volume                   = {14}
}

@Book{Fudenberg98,
  Title                    = {{The Theory of Learning in Games}},
  Author                   = {Drew Fudenberg and David K. Levine},
  Publisher                = {The MIT Press},
  Year                     = {1998},
  Month                    = {December},
  Volume                   = {1}
}

@Book{Fudenberg98,
  Title                    = {{The Theory of Learning in Games}},
  Author                   = {Drew Fudenberg and David K. Levine},
  Publisher                = {The MIT Press},
  Year                     = {1998},
  Month                    = {December},
  Volume                   = {1}
}

@Book{Fudenberg,
  Title                    = {{Game Theory}},
  Author                   = {Fudenberg, D. and Tirole, J.},
  Publisher                = {MIT Press},
  Year                     = {1991}
}

@InProceedings{gai2010learning,
  Title                    = {Learning multiuser channel allocations in cognitive radio networks: A combinatorial multi-armed bandit formulation},
  Author                   = {Gai, Yi and Krishnamachari, Bhaskar and Jain, Rahul},
  Booktitle                = {2010 IEEE Symposium on New Frontiers in Dynamic Spectrum},
  Year                     = {2010},
  Organization             = {IEEE},
  Pages                    = {1--9}
}

@InProceedings{Jianwei09,
  Title                    = {Competition of wireless providers for atomic users: Equilibrium and social optimality},
  Author                   = {Gajic, V. and Jianwei Huang and Rimoldi, B.},
  Booktitle                = {47th Annual Allerton Conference on Communication, Control, and Computing},
  Year                     = {2009},
  Pages                    = {1203-1210}
}

@Conference{ap2,
  Title                    = {Competition of Wireless Providers for Atomic Users: Equilibrium and Social Optimality},
  Author                   = {Vojislav Gajic and Jianwei Huangy and Bixio Rimoldi},
  Booktitle                = {47th annual Allerton conference on Communication, control, and computing},
  Year                     = {2009},

  Owner                    = {LV},
  Timestamp                = {2011.10.27}
}

@InProceedings{Ganesan05,
  Title                    = {On cooperative content distribution and the price of barter},
  Author                   = {P. Ganesan and M. Seshadri},
  Booktitle                = {Proc. IEEE ICDCS 2005}
}

@InProceedings{Ganesan05,
  Title                    = {On cooperative content distribution and the price of barter},
  Author                   = {P. Ganesan and M. Seshadri},
  Booktitle                = {IEEE ICDCS 2005}
}

@InProceedings{Ganti:PoolView,
  Title                    = {PoolView: stream privacy for grassroots participatory sensing},
  Author                   = {R. Ganti and N. Pham and Y. Tsai and T. Abdelzaher},
  Booktitle                = {Proceedings of ACM Sensys},
  Year                     = {2008},

  Date-added               = {2014-07-26 21:43:15 +0000},
  Date-modified            = {2014-07-26 21:43:15 +0000},
  Owner                    = {ZDREAMY},
  Timestamp                = {2014.07.26}
}

@InProceedings{ganti2010greengps,
  Title                    = {GreenGPS: a participatory sensing fuel-efficient maps application},
  Author                   = {Ganti, Raghu K and Pham, Nam and Ahmadi, Hossein and Nangia, Saurabh and Abdelzaher, Tarek F},
  Booktitle                = {Proceedings of ACM MobiSys'10},
  Pages                    = {151--164}
}

@Article{ganti2011mobile,
  Title                    = {Mobile crowdsensing: current state and future challenges},
  Author                   = {Ganti, Raghu K and Ye, Fan and Lei, Hui},
  Journal                  = {IEEE Communications Magazine},
  Year                     = {2011},
  Number                   = {11},
  Volume                   = {49}
}

@InProceedings{gao2015providing,
  Title                    = {Providing long-term participation incentive in participatory sensing},
  Author                   = {Gao, Lin and Hou, Fen and Huang, Jianwei},
  Booktitle                = {Proceedings of IEEE INFOCOM'15},
  Pages                    = {2803--2811}
}

@InProceedings{Gao,
  Title                    = {Providing Long-Term Participation Incentive in Participatory Sensing},
  Author                   = {Lin Gao and Fen Hou and Jianwei Huang},
  Booktitle                = {Proc. IEEE INFOCOM},
  Year                     = {2015}
}

@InProceedings{gao2015providing,
  Title                    = {Providing long-term participation incentive in participatory sensing},
  Author                   = {Gao, Lin and Hou, Fen and Huang, Jianwei},
  Booktitle                = {Proc. {IEEE} {INFOCOM}'15},
  Year                     = {2015},
  Pages                    = {2803--2811}
}

@InProceedings{Gao09,
  Title                    = {Multicasting in delay tolerant networks: a social network perspective},
  Author                   = {Gao, Wei and Li, Qinghua and Zhao, Bo and Cao, Guohong},
  Booktitle                = {Prof. ACM MOBIHOC}
}

@InProceedings{gao2009multicasting,
  Title                    = {Multicasting in delay tolerant networks: a social network perspective},
  Author                   = {Gao, Wei and Li, Qinghua and Zhao, Bo and Cao, Guohong},
  Booktitle                = {ACM MOBIHOC},
  Year                     = {2009}
}

@InProceedings{gao2011cooperation,
  Title                    = {Cooperation stimulation in cooperative communications: an indirect reciprocity game},
  Author                   = {Gao, Y. and Chen, Y. and Liu, K.J.R.},
  Booktitle                = {IEEE International Conference on Communications (ICC), Ottawa},
  Year                     = {2011},

  Owner                    = {xchen179},
  Timestamp                = {2013.04.26}
}

@InProceedings{location,
  Title                    = {Location privacy in database-driven Cognitive Radio Networks: Attacks and Countermeasures},
  Author                   = {Z. Gao and H. Zhu and Y. Liu and M. Li and Z. Cao},
  Booktitle                = {Proceedings of IEEE INFOCOM},
  Year                     = {2013},
  Month                    = {April},
  Pages                    = {2751-2759}
}

@InProceedings{Gerdes06,
  Title                    = {Device identification via analog signal fingerprinting: A matched filter approach},
  Author                   = {Ryan M. Gerdes and Thomas E. Daniels and Mani Mina and Steve F. Russell},
  Booktitle                = {144th Proceedings of the Network and Distributed System Security Symposium (NDSS)},
  Year                     = {2006},
  Pages                    = {78}
}

@Article{Gezici:08,
  Title                    = {A Survey on Wireless Position Estimation},
  Author                   = {Gezici, S.},
  Journal                  = {Wirel. Pers. Commun.},
  Year                     = {2008},

  Month                    = feb,
  Number                   = {3},
  Pages                    = {263--282},
  Volume                   = {44}
}

@InProceedings{Ghinita:Private,
  Title                    = {Private Queries in Location Based Services: Anonymizers Are Not Necessary},
  Author                   = {Ghinita, G. and Kalnis, P. and Khoshgozaran, A. and Shahabi, C. and Tan, K.},
  Booktitle                = {Proceedings of ACM SIGMOD},
  Year                     = {2008}
}

@Article{RSSguang,
  Title                    = {{RSS}-Based Sensor Localization in the Presence of Unknown Channel Parameters},
  Author                   = {M. R. Gholami and R. M. Vaghefi and E. G. Str\"{o}m},
  Journal                  = {IEEE Transactions on Signal Processing},
  Year                     = {2013},

  Month                    = {Aug},
  Number                   = {15},
  Pages                    = {3752-3759},
  Volume                   = {61}
}

@Article{ghosh2015selling,
  Title                    = {Selling privacy at auction},
  Author                   = {Ghosh, A. and Roth, A.},
  Journal                  = {Games and Economic Behavior},
  Year                     = {2015},
  Pages                    = {334--346},
  Volume                   = {91},

  Publisher                = {Elsevier}
}

@Article{gintis2000strong,
  Title                    = {Strong reciprocity and human sociality},
  Author                   = {Gintis, H.},
  Journal                  = {Journal of Theoretical Biology},
  Year                     = {2000},
  Number                   = {2},
  Pages                    = {169--179},
  Volume                   = {206},

  Owner                    = {xchen179},
  Publisher                = {Elsevier},
  Timestamp                = {2013.04.26}
}

@Article{Glicksberg52,
  Title                    = {A Further Generalization of the {Kakutani} Fixed Point Theorem, with Application to {Nash} Equilibrium},
  Author                   = {Glicksberg, I.},
  Journal                  = {Proc. of the American Mathematical Society},
  Year                     = {1952},
  Number                   = {1},
  Pages                    = {170-174},
  Volume                   = {3}
}

@Article{Hart06,
  Title                    = {Competitive auctions},
  Author                   = {Andrew V. Goldberg and Jason D. Hartline and Anna R. Karlin and Michael Saks and Andrew Wright},
  Journal                  = {Games and Economic Behavior},
  Year                     = {2006},
  Number                   = {2},
  Pages                    = {242--269},
  Volume                   = {55}
}

@Electronic{CreditSuisse,
  Title                    = {Credit Suisse report: U.{S}. wireless networks running at 80\% of total capacity},
  Author                   = {Phil Goldstein},
  Month                    = {June},
  Url                      = {http://benton.org/node/81874},
  Year                     = {2012}
}

@Article{Gongjournal,
  Title                    = {From Social Group Utility Maximization to Personalized Location Privacy in Mobile Networks},
  Author                   = {X. Gong and X. Chen and K. Xing and D. H. Shin and M. Zhang and J. Zhang},
  Journal                  = {IEEE/ACM Transactions on Networking},
  Year                     = {2017},

  Month                    = {June},
  Number                   = {3},
  Pages                    = {1703-1716},
  Volume                   = {25}
}

@InProceedings{Gong15,
  Title                    = {Personalized location privacy in mobile networks: {A} social group utility approach},
  Author                   = {Gong, X. and Chen, X. and Xing, K. and Shin, D.-H. and Zhang, M. and Zhang, J.},
  Booktitle                = {Proc. IEEE INFOCOM 2015}
}

@InProceedings{Gong2015b,
  Title                    = {Personalized location privacy in mobile networks: A social group utility approach},
  Author                   = {Gong, Xiaowen and Chen, Xu and Xing, Kai and Shin, Dong-hoon and Zhang, Mengyuan and Zhang, Junshan},
  Booktitle                = {Proc. IEEE INFOCOM},
  Year                     = {2015}
}

@InProceedings{Gong14,
  Title                    = {Social group utility maximization in mobile networks: From altruistic to malicious behavior},
  Author                   = {Gong, X. and Chen, X. and Zhang, J.},
  Booktitle                = {Proc. IEEE Conference on Information Sciences and Systems 2014}
}

@InProceedings{Gong13,
  Title                    = {Social group utility maximization game with applications in mobile social networks},
  Author                   = {Gong, X. and Chen, X. and Zhang, J.},
  Booktitle                = {Proc. 51st IEEE Allerton},
  Year                     = {2013}
}

@InProceedings{Gong14GlobalSIP,
  Title                    = {From Social Trust Assisted Reciprocity {(STAR)} to Utility-Optimal Crowdsensing in Mobile Networks},
  Author                   = {Gong, X. and Chen, X. and Zhang, J. and H.~V. Poor},
  Booktitle                = {Proc. IEEE GlobalSIP 2014}
}

@InProceedings{Gong15mobihoc,
  Title                    = {When Network Effect Meets Congestion Effect: Leveraging Social Services for Wireless Services},
  Author                   = {Gong, X. and Duan, L. and Chen, X.},
  Booktitle                = {Proc. ACM MobiHoc 2015}
}

@Misc{Gong15TR,
  Title                    = {When Network Effect Meets Congestion Effect: {Leveraging} Social Services for Wireless Services},

  Author                   = {Gong, X. and Duan, L. and Chen, X.},
  HowPublished             = {Technical Report, \url{http://informationnet.asu.edu/pub/social-wireless-mobihoc15-TR.pdf}},
  Year                     = {2015}
}

@InProceedings{Gong2015,
  Title                    = {When Network Effect Meets Congestion Effect: Leveraging Social Services for Wireless Services},
  Author                   = {Gong, Xiaowen and Duan, Lingjie and Chen, Xu},
  Booktitle                = {Proc. MobiHoc},
  Year                     = {2015},
  Pages                    = {147--156},

  Numpages                 = {10}
}

@InProceedings{gong2015when,
  Title                    = {When network effect meets congestion effect: Leveraging social services for wireless services},
  Author                   = {X. Gong and L. Duan and X. Chen},
  Booktitle                = {Proc. 16th ACM MobiHoc},
  Year                     = {2015}
}

@Article{GongDCZ17,
  Title                    = {When Social Network Effect Meets Congestion Effect in Wireless Networks: Data Usage Equilibrium and Optimal Pricing},
  Author                   = {X. Gong and L. Duan and X. Chen and J. Zhang},
  Journal                  = {{IEEE} Journal on Selected Areas in Communications},
  Year                     = {2017},
  Number                   = {2},
  Pages                    = {449--462},
  Volume                   = {35}
}

@InProceedings{gong2017truthful,
  Title                    = {Truthful mobile crowdsensing for strategic users with private qualities},
  Author                   = {Gong, X. and Shroff, N. B.},
  Booktitle                = {Proceedings of WiOpt'17},
  Year                     = {2017}
}

@Book{Govier1997,
  Title                    = {Social trust and human communities},
  Author                   = {Govier, T.},
  Publisher                = {McGill-Queen's University Press},
  Year                     = {1997},

  Owner                    = {xchen179},
  Timestamp                = {2013.04.26}
}

@Book{govier1997social,
  Title                    = {Social trust and human communities},
  Author                   = {Govier, Trudy},
  Publisher                = {McGill-Queen's Press-MQUP},
  Year                     = {1997}
}

@Article{groves1973incentives,
  Title                    = {Incentives in teams},
  Author                   = {Groves, Theodore},
  Journal                  = {Econometrica: Journal of the Econometric Society},
  Year                     = {1973},
  Pages                    = {617--631},

  Publisher                = {JSTOR}
}

@InProceedings{gunes2002ara,
  Title                    = {ARA-the ant-colony based routing algorithm for MANETs},
  Author                   = {Gunes, M. and Sorges, U. and Bouazizi, I.},
  Booktitle                = {International Conference on Parallel Processing Workshops},
  Year                     = {2002},
  Organization             = {IEEE},
  Pages                    = {79--85}
}

@Article{gungor2009industrial,
  Title                    = {Industrial wireless sensor networks: Challenges, design principles, and technical approaches},
  Author                   = {Gungor, V.C. and Hancke, G.P.},
  Journal                  = {IEEE Transactions on Industrial Electronics},
  Year                     = {2009},
  Number                   = {10},
  Pages                    = {4258--4265},
  Volume                   = {56},

  Publisher                = {IEEE}
}

@Article{Gupta00thecapacity,
  Title                    = {The capacity of wireless networks},
  Author                   = {Piyush Gupta and P. R. Kumar},
  Journal                  = {IEEE Transactions on Information Theory},
  Year                     = {2000},
  Number                   = {2},
  Pages                    = {388--404},
  Volume                   = {46}
}

@Article{gupta2000capacityw,
  Title                    = {The capacity of wireless networks},
  Author                   = {Gupta, Piyush and Kumar, Panganmala R},
  Journal                  = {Information Theory, IEEE Transactions on},
  Year                     = {2000},
  Number                   = {2},
  Pages                    = {388--404},
  Volume                   = {46},

  Publisher                = {IEEE}
}

@Conference{db1,
  Title                    = {Geo-location Database Techniques for Incumbent Protection in the TV White Space},
  Author                   = {D. Gurney and G. Buchwald and L. Ecklund and S. Kuffner and J. Grosspietsch},
  Booktitle                = {IEEE Symposia on New Frontiers in Dynamic Spectrum Access Netoworks (DySpan)},
  Year                     = {2008},

  Owner                    = {LV},
  Timestamp                = {2011.10.27}
}

@InProceedings{Haghpanah:2011,
  Title                    = {Optimal Auctions with Positive Network Externalities},
  Author                   = {Haghpanah, Nima and Immorlica, Nicole and Mirrokni, Vahab and Munagala, Kamesh},
  Booktitle                = {Proc. the 12th ACM Conference on Electronic Commerce},
  Year                     = {2011},
  Series                   = {EC '11}
}

@InProceedings{Haghpanah11,
  Title                    = {Optimal Auctions with Positive Network Externalities},
  Author                   = {Haghpanah, Nima and Immorlica, Nicole and Mirrokni, Vahab and Munagala, Kamesh},
  Booktitle                = {Proceedings of the 12th ACM Conference on Electronic Commerce},
  Year                     = {2011},
  Series                   = {EC '11}
}

@Article{5Gcache,
  Title                    = {The 5G Cellular Backhaul Management Dilemma: To Cache or to Serve},
  Author                   = {K. Hamidouche and W. Saad and M. Debbah and J. B. Song and C. S. Hong},
  Journal                  = {IEEE Transactions on Wireless Communications},
  Year                     = {2017},

  Month                    = {Aug},
  Number                   = {8},
  Pages                    = {4866-4879},
  Volume                   = {16}
}

@InProceedings{CaseStudy,
  Title                    = {Cellular traffic offloading through opportunistic communications: a case study},
  Author                   = {Han, Bo and Hui, Pan and Kumar, V.S. Anil and Marathe, Madhav V. and Pei, Guanhong and Srinivasan, Aravind},
  Booktitle                = {Proc. ACM CHANTS '10},
  Pages                    = {31--38},

  Numpages                 = {8}
}

@Article{han2012mobile,
  Title                    = {Mobile data offloading through opportunistic communications and social participation},
  Author                   = {Han, B. and Hui, P. and Kumar, V.S.A. and Marathe, M.V. and Shao, J. and Srinivasan, A.},
  Journal                  = {IEEE TMC},
  Year                     = {2012},
  Number                   = {5},
  Pages                    = {821--834},
  Volume                   = {11},

  Owner                    = {xchen179},
  Publisher                = {IEEE},
  Timestamp                = {2013.04.26}
}

@Article{FemtoSON2012,
  Title                    = {Game Based Self-Organizing Scheme for Femtocell Networks},
  Author                   = {Kwanghun Han and Seunghyun Choi and Du Ho Kang and Sunghyun Choi},
  Journal                  = {Lecture Notes of the Institute for Computer Sciences, Social Informatics and Telecommunications Engineering},
  Year                     = {2012},
  Pages                    = {57 -- 75},
  Volume                   = {75},

  Owner                    = {LV},
  Timestamp                = {2012.06.07}
}

@Book{han2012game,
  Title                    = {Game theory in wireless and communication networks},
  Author                   = {Han, Zhu and Niyato, Dusit and Saad, Walid and Basar, Tamer and Hjorungnes, Are},
  Publisher                = {Cambridge University Press},
  Year                     = {2012}
}

@InProceedings{Hande09,
  Title                    = {Network pricing and rate allocation with content provider participation},
  Author                   = {Hande, Prashanth and Chiang, Mung and Calderbank, Robert and Rangan, Sundeep},
  Booktitle                = {Proc. IEEE INFOCOM 2009}
}

@Article{Hart_areinforcement,
  Title                    = {A reinforcement procedure leading to correlated equilibrium},
  Author                   = {S. Hart and A. Mas-colell},
  Journal                  = {In: Debreu, G., Neuefeind, W., Trockel, W. (Eds.), Economic},
  Pages                    = {181--200}
}

@Article{Hart00asimple,
  Title                    = {A simple adaptive procedure leading to correlated equilibrium},
  Author                   = {S. Hart and A. Mas-colell},
  Journal                  = {Econometrica},
  Year                     = {2000},
  Pages                    = {1127--1150}
}

@Article{Hartline12app,
  Title                    = {Approximation in Economic Design},
  Author                   = {Jason D. Hartline},
  Year                     = {2012},

  Bdsk-url-1               = {http://users.eecs.northwestern.edu/~hartline/amd.pdf},
  Url                      = {http://users.eecs.northwestern.edu/~hartline/amd.pdf}
}

@InProceedings{Hart08,
  Title                    = {Optimal Marketing Strategies over Social Networks},
  Author                   = {Hartline, Jason D and Mirrokni, Vahab and Sundararajan, Mukund},
  Booktitle                = {Proc. the 17th International Conference on World Wide Web},
  Year                     = {2008}
}

@InProceedings{Hartline08,
  Title                    = {Optimal marketing strategies over social networks},
  Author                   = {J. D. Hartline and V. S. Mirrokni and M. Sundararajan},
  Booktitle                = {Proc. 17th WWW},
  Year                     = {2008}
}

@Article{SHaykin,
  Title                    = {Cognitive Radio: brain-empowered Wireless Communications},
  Author                   = {Simon Haykin},
  Journal                  = {IEEE Journal on Selected Areas in Communications, Special Issue on Cognitive Networks (Invited)},
  Year                     = {2005},
  Pages                    = {201-220},
  Volume                   = {23}
}

@Article{he2017exchange,
  Title                    = {An exchange market approach to mobile crowdsensing: Pricing, task allocation and {w}alrasian equilibrium},
  Author                   = {He, Shibo and others},
  Journal                  = {IEEE JSAC},
  Year                     = {2017}
}

@InProceedings{Shibo14,
  Title                    = {Toward optimal allocation of location dependent tasks in crowdsensing},
  Author                   = {S. He and D. Shin and J. Zhang and J. Chen},
  Booktitle                = {Proceedings of {IEEE} {INFOCOM}'14},
  Year                     = {2014}
}

@Article{he2017exchange,
  Title                    = {An exchange market approach to mobile crowdsensing: Pricing, task allocation and {W}alrasian equilibrium},
  Author                   = {He, S. and Shin, D. and Zhang, J. and Chen, J. and Lin, P.},
  Journal                  = {{IEEE} J. Sel. Areas Commun.},
  Year                     = {2017},

  Publisher                = {IEEE}
}

@Article{JSAC17,
  Title                    = {An Exchange Market Approach to Mobile Crowdsensing: Pricing, Task Allocation, and Walrasian Equilibrium},
  Author                   = {Shibo He and Dong{-}Hoon Shin and Junshan Zhang and Jiming Chen and Phone Lin},
  Journal                  = {{IEEE} Journal on Selected Areas in Communications},
  Year                     = {2017},
  Number                   = {4},
  Pages                    = {921--934},
  Volume                   = {35}
}

@Article{he2017near,
  Title                    = {Near-optimal allocation algorithms for location-dependent tasks in crowdsensing},
  Author                   = {He, Shibo and Shin, Dong-Hoon and Zhang, Junshan and Chen, Jiming},
  Journal                  = {IEEE Transactions on Vehicular Technology},
  Year                     = {2017},
  Number                   = {4},
  Pages                    = {3392--3405},
  Volume                   = {66}
}

@Article{hoang2009opportunistic,
  Title                    = {Opportunistic spectrum access for energy-constrained cognitive radios},
  Author                   = {Hoang, Anh Tuan and Liang, Ying-Chang and Wong, D and Zeng, Yonghong and Zhang, Rui},
  Journal                  = {IEEE Transactions on Wireless Communications},
  Year                     = {2009},
  Number                   = {3},
  Pages                    = {1206--1211},
  Volume                   = {8},

  Publisher                = {IEEE}
}

@InCollection{hoefer2009altruism,
  Title                    = {Altruism in atomic congestion games},
  Author                   = {Hoefer, Martin and Skopalik, Alexander},
  Booktitle                = {Algorithms-ESA 2009},
  Publisher                = {Springer},
  Year                     = {2009},
  Pages                    = {179--189}
}

@Article{Hofbauer05,
  Title                    = {Learning in Perturbed Asymmetric Games},
  Author                   = {Josef Hofbauer},
  Journal                  = {Games and Economic Behavior},
  Year                     = {2005},
  Pages                    = {133--152}
}

@Article{Hofbauer07,
  Title                    = {Evolution in games with randomly disturbed payoffs},
  Author                   = {Josef Hofbauer and William H. Sandholm},
  Journal                  = {Journal of Economic Theory},
  Year                     = {2007},
  Pages                    = {47 - 69},
  Volume                   = {132}
}

@Article{Hofbauer02,
  Title                    = {On the Global Convergence of Stochastic Fictitious Play},
  Author                   = {J. Hofbauer and W. H. Sandholm},
  Journal                  = {Econometrica},
  Year                     = {2002},
  Volume                   = {70}
}

@Article{Hofbauer02onthe,
  Title                    = {On the Global Convergence of Stochastic Fictitious Play},
  Author                   = {Josef Hofbauer and William H. Sandholm},
  Journal                  = {ECONOMETRICA},
  Year                     = {2002},
  Number                   = {6},
  Pages                    = {2265--2294},
  Volume                   = {70}
}

@Book{Horn85,
  Title                    = {Matrix Analysis},
  Author                   = {Horn, R. and Johnson, C.},
  Publisher                = {Cambridge University Press},
  Year                     = {1985}
}

@Article{host2005capacity,
  Title                    = {Capacity bounds and power allocation for wireless relay channels},
  Author                   = {Host-Madsen, A. and Zhang, J.},
  Journal                  = {IEEE TIT},
  Year                     = {2005},
  Number                   = {6},
  Pages                    = {2020--2040},
  Volume                   = {51},

  Owner                    = {xchen179},
  Publisher                = {IEEE},
  Timestamp                = {2013.04.26}
}

@Article{Hou02,
  Title                    = {Integration of pricing with call admission control to meet QoS requirements in cellular networks},
  Author                   = {Jiongkuan Hou and Jie Yang and Papavassiliou, S.},
  Journal                  = {Parallel and Distributed Systems, IEEE Transactions on},
  Year                     = {2002},

  Month                    = {Sep},
  Number                   = {9},
  Pages                    = {898-910},
  Volume                   = {13}
}

@Conference{YShi07,
  Title                    = {Optimal spectrum sharing for multi-hop software defined radio networks},
  Author                   = {Y. Hou and Y. Shi and H. Sherali},
  Booktitle                = {Proc.\ INFOCOM'07},
  Year                     = {2007}
}

@Article{hu2015smartroad,
  Title                    = {Smartroad: Smartphone-based crowd sensing for traffic regulator detection and identification},
  Author                   = {Hu, Shaohan and others},
  Journal                  = {ACM Trans. Sensor Networks},
  Year                     = {2015},
  Number                   = {4},
  Pages                    = {55},
  Volume                   = {11}
}

@InProceedings{Hu05,
  Title                    = {Location Privacy in Wireless Networks},
  Author                   = {Yih-chun Hu and Helen J. Wang},
  Booktitle                = {In ACM SIGCOMM Asia Workshop},
  Year                     = {2005}
}

@Article{jianweibook,
  Title                    = {Wireless Network Pricing},
  Author                   = {Huang, J. and Gao, L.},
  Journal                  = {Synthesis Lectures on Communication Networks},
  Year                     = {2013},
  Number                   = {2},
  Pages                    = {1-176},
  Volume                   = {6}
}

@Article{Huang10,
  Title                    = {The Optimality of Two Prices: Maximizing Revenue in a Stochastic Communication System},
  Author                   = {Huang, L. and Neely, M. J.},
  Journal                  = {IEEE/ACM Transaction on Networking},
  Year                     = {2010},

  Month                    = {April},
  Number                   = {2},
  Pages                    = {406--419},
  Volume                   = {18}
}

@Conference{SHuang08,
  Title                    = {Opportunistic spectrum access in cognitive radio networks},
  Author                   = {S. Huang and X. Liu and Z. Ding},
  Booktitle                = {Proc.\ INFOCOM'08},
  Year                     = {2008}
}

@InProceedings{Huang06,
  Title                    = {Negative-Weight Cycle Algorithms},
  Author                   = {Huang, X.},
  Booktitle                = {Proc. 2006 International Conference on Foundations of Computer Science}
}

@Article{hui2011bubble,
  Title                    = {Bubble Rap: Social-based forwarding in delay-tolerant networks},
  Author                   = {Hui, P. and Crowcroft, J. and Yoneki, E.},
  Journal                  = {IEEE TMC},
  Year                     = {2011},
  Number                   = {11},
  Pages                    = {1576--1589},
  Volume                   = {10},

  Owner                    = {xchen179},
  Publisher                = {IEEE},
  Timestamp                = {2013.04.26}
}

@Article{CPSsecurity,
  Title                    = {Cyber-Physical Systems SecurityâA Survey},
  Author                   = {A. {Humayed} and J. {Lin} and F. {Li} and B. {Luo}},
  Journal                  = {IEEE Internet of Things Journal},
  Year                     = {2017},
  Number                   = {6},
  Pages                    = {1802-1831},
  Volume                   = {4}
}

@Misc{CPLEX,
  Title                    = {Introducing {IBM ILOG CPLEX} Optimization Studio V12.5.1},

  Author                   = {{IBM ILOG}},
  HowPublished             = {\url{http://pic.dhe.ibm.com/infocenter/cosinfoc/v12r5/index.jsp}}
}

@Unpublished{IEEE,
  Title                    = {{IEEE} 802.22 Draftv3.0},
  Author                   = {{IEEE 802.22 Working Group}},
  Year                     = {2011},

  Owner                    = {LV},
  Timestamp                = {2011.10.31},
  Url                      = {http://www.ieee802.org/22/}
}

@Article{CPLEX,
  Title                    = {Introducing IBM ILOG CPLEX optimization studio v12.5.1},
  Author                   = {ILOG(IBM)},

  Owner                    = {ZhangMY},
  Timestamp                = {2017.08.16},
  Url                      = {http://pic.dhe.ibm.com/infocenter/cosinfoc/v12r5/index.jsp.}
}

@InProceedings{Isiklar05,
  Title                    = {A simple approach to charging and billing of packetized applications [next generation mobile networks]},
  Author                   = {Isiklar, G. and Bener, A.B.},
  Booktitle                = {IEEE Wireless Communications and Networking Conference},
  Year                     = {2005},
  Month                    = {March},
  Pages                    = {2440-2445},
  Volume                   = {4}
}

@Article{Jackson12,
  Title                    = {Social capital and social quilts: Network patterns of favor exchange},
  Author                   = {Jackson, M.~O. and Rodriguez-Barraquer, T. and Tan, X.},
  Journal                  = {The American Economic Review},
  Year                     = {2012},

  Month                    = {Aug.},
  Pages                    = {1857-1897},
  Volume                   = {102}
}

@Article{Jackson12,
  Title                    = {Social capital and social quilts: Network patterns of favor exchange},
  Author                   = {Jackson, M.~O. and Rodriguez-Barraquer, T. and Tan, X.},
  Journal                  = {The American Economic Review},
  Year                     = {2012},

  Month                    = {Aug.},
  Pages                    = {1857-1897},
  Volume                   = {102}
}

@InProceedings{Jaramillo07,
  Title                    = {{DARWIN}: Distributed and adaptive reputation mechanism for wireless networks},
  Author                   = {J. Jaramillo and R. Srikant},
  Booktitle                = {Proc. ACM MOBICOM 2007}
}

@InProceedings{Jaramillo07,
  Title                    = {{DARWIN}: Distributed and adaptive reputation mechanism for wireless networks},
  Author                   = {J. Jaramillo and R. Srikant},
  Booktitle                = {ACM MOBICOM 2007}
}

@InBook{AGT,
  Title                    = {Profit Maximization in Mechanism Design},
  Author                   = {H. D. Jason and K. R. Anna},
  Editor                   = {Noam Nisan and Tim Roughgarden and Eva Tardos and Vazirani, {Vijay V.}},
  Pages                    = {331--362},
  Publisher                = {Cambridge University Press},
  Year                     = {2007},

  Booktitle                = {Algorithmic Game Theory}
}

@InProceedings{Industry4,
  Title                    = {Cyber physical systems in the context of Industry 4.0},
  Author                   = {N. {Jazdi}},
  Booktitle                = {2014 IEEE International Conference on Automation, Quality and Testing, Robotics},
  Year                     = {2014},
  Pages                    = {1-4}
}

@InProceedings{Jia08,
  Title                    = {Competitions and Dynamics of Duopoly Wireless Service Providers in Dynamic Spectrum Market},
  Author                   = {Jia, Juncheng and Zhang, Qian},
  Booktitle                = {Proceedings of the 9th ACM International Symposium on Mobile Ad Hoc Networking and Computing},
  Year                     = {2008},
  Pages                    = {313--322}
}

@Article{rayliu1,
  Title                    = {Multi-Channel Sensing and Access Game: Bayesian Social Learning with Negative Network Externality},
  Author                   = {C. {Jiang} and Y. {Chen} and K. J. R. {Liu}},
  Journal                  = {IEEE Transactions on Wireless Communications},
  Year                     = {2014},

  Month                    = {April},
  Number                   = {4},
  Pages                    = {2176-2188},
  Volume                   = {13}
}

@Article{jiang2009optimal,
  Title                    = {Optimal selection of channel sensing order in cognitive radio},
  Author                   = {Jiang, Hai and Lai, Lifeng and Fan, Rongfei and Poor, H Vincent},
  Journal                  = {IEEE Transactions on Wireless Communications},
  Year                     = {2009},
  Number                   = {1},
  Pages                    = {297--307},
  Volume                   = {8},

  Publisher                = {IEEE}
}

@Article{LifengLai,
  Title                    = {Optimal selection of channel sensing order in cognitive radio},
  Author                   = {H. Jiang and L. Lai and R. Fan and H. V. Poor},
  Journal                  = {IEEE Transaction on wireless communications},
  Year                     = {2009},
  Number                   = {1},
  Pages                    = {297--307},
  Volume                   = {8}
}

@TechReport{Jiang09adistributed,
  Title                    = {A Distributed CSMA Algorithm for Throughput and Utility Maximization in Wireless Networks},
  Author                   = {Libin Jiang and Jean Walr},
  Year                     = {2009}
}

@Article{DBkey-31,
  Title                    = {A Distributed {CSMA} Algorithm for Throughput and Utility Maximization in Wireless Networks},
  Author                   = {L. Jiang and J. Walrand},
  Journal                  = {IEEE/ACM Transactions on Networking},
  Year                     = {2010},
  Number                   = {3},
  Pages                    = {960 - 972},
  Volume                   = {18},

  Booktitle                = {Proceedings of the 46th Annual Conference on Communication, Control and Computing},
  Owner                    = {LV},
  Timestamp                = {2011.01.03}
}

@Article{jiang2010distributed,
  Title                    = {A distributed CSMA algorithm for throughput and utility maximization in wireless networks},
  Author                   = {Jiang, Libin and Walrand, Jean},
  Journal                  = {IEEE/ACM TON},
  Year                     = {2010},
  Number                   = {3},
  Pages                    = {960--972},
  Volume                   = {18},

  Publisher                = {IEEE Press}
}

@InProceedings{Jiang07,
  Title                    = {Preserving Location Privacy in Wireless {LAN}s},
  Author                   = {Jiang, T. and Wang, H. J. and Hu, Y.},
  Booktitle                = {Proceedings of ACM MobiSys},
  Year                     = {2007},
  Pages                    = {246--257}
}

@InProceedings{jin2016,
  Title                    = {{INCEPTION}: Incentivizing privacy-preserving data aggregation for mobile crowd sensing systems},
  Author                   = {Jin, Haiming and others},
  Booktitle                = {Proc. of ACM MobiHoc 2016},
  Pages                    = {341--350},
  Volume                   = {16}
}

@InProceedings{Jin15,
  Title                    = {Quality of Information Aware Incentive Mechanisms for Mobile Crowd Sensing Systems},
  Author                   = {Jin, Haiming and Su, Lu and Chen, Danyang and Nahrstedt, Klara and Xu, Jinhui},
  Booktitle                = {Proc. the 16th ACM International Symposium on Mobile Ad Hoc Networking and Computing},
  Year                     = {2015}
}

@InProceedings{jin2015quality,
  Title                    = {Quality of information aware incentive mechanisms for mobile crowd sensing systems},
  Author                   = {Jin, H. and Su, L. and Chen, D. and Nahrstedt, K. and Xu, J.},
  Booktitle                = {Proceedings of {ACM} {MobiHoc}'15},
  Year                     = {2015},
  Pages                    = {167--176}
}

@InProceedings{jin2016inception,
  Title                    = {Inception: Incentivizing privacy-preserving data aggregation for mobile crowd sensing systems},
  Author                   = {Jin, Haiming and Su, Lu and Xiao, Houping and Nahrstedt, Klara},
  Booktitle                = {Proceedings of ACM MobiHoc'16},
  Pages                    = {341--350},
  Volume                   = {16}
}

@InProceedings{jin2016inception,
  Title                    = {{INCEPTION}: Incentivizing privacy-preserving data aggregation for mobile crowd sensing systems},
  Author                   = {Jin, H. and Su, L. and Xiao, H. and Nahrstedt, K.},
  Booktitle                = {Proceedings of {ACM} MobiHoc'16},
  Year                     = {2016},
  Pages                    = {341--350},
  Volume                   = {16}
}

@InProceedings{jin2016dpsense,
  Title                    = {DPSense: Differentially Private Crowdsourced Spectrum Sensing},
  Author                   = {Jin, Xiaocong and Zhang, Rui and Chen, Yimin and Li, Tao and Zhang, Yanchao},
  Booktitle                = {Proceedings of the ACM CCS'16},
  Pages                    = {296--307}
}

@InProceedings{Joe13,
  Title                    = {Offering supplementary wireless technologies: Adoption behavior and offloading benefits},
  Author                   = {Joe-Wong, Carlee and Sen, Satyaki and Ha, Sangtae},
  Booktitle                = {Proc. IEEE INFOCOM 2013}
}

@InProceedings{Johari10,
  Title                    = {Congestible services and network effects},
  Author                   = {Johari, R. and Kumar, S.},
  Booktitle                = {Proc. ACM EC 2010}
}

@Article{jones1999bounded,
  Title                    = {Bounded rationality},
  Author                   = {Jones, B.D.},
  Journal                  = {Annual review of political science},
  Year                     = {1999},
  Number                   = {1},
  Pages                    = {297--321},
  Volume                   = {2},

  Owner                    = {xchen179},
  Publisher                = {Annual Reviews 4139 El Camino Way, PO Box 10139, Palo Alto, CA 94303-0139, USA},
  Timestamp                = {2013.04.26}
}

@InProceedings{FlashcrowdsInternet,
  Title                    = {Flash crowds and denial of service attacks: characterization and implications for CDNs and web sites},
  Author                   = {Jung, Jaeyeon and Krishnamurthy, Balachander and Rabinovich, Michael},
  Booktitle                = {Proceedings of the 11th international conference on World Wide Web},
  Year                     = {2002},

  Address                  = {New York, NY, USA},
  Pages                    = {293--304},
  Publisher                = {ACM},
  Series                   = {WWW '02},

  Acmid                    = {511485},
  ISBN                     = {1-58113-449-5},
  Location                 = {Honolulu, Hawaii, USA},
  Numpages                 = {12}
}

@Article{Kahneman,
  Title                    = {Prospect Theory: An Analysis of Decision under Risk},
  Author                   = {D. Kahneman and . Tversky},
  Journal                  = {Econometrica},
  Year                     = {1979},
  Number                   = {2},
  Pages                    = {263-291},
  Volume                   = {47}
}

@InProceedings{Loki,
  Title                    = {Loki: A privacy-conscious platform for crowdsourced surveys},
  Author                   = {T. Kandappu and V. Sivaraman and A. Friedman and R. Boreli},
  Booktitle                = {Proc. of IEEE COMSNETS 2014},
  Year                     = {2014},
  Month                    = {Jan},
  Pages                    = {1-8}
}

@Conference{db2,
  Title                    = {Geolocation databases for white space devices in the UHF TV bands: Specification of maximum permitted emission levels},
  Author                   = {Hamid Reza Karimi},
  Booktitle                = {IEEE Symposia on New Frontiers in Dynamic Spectrum Access Netoworks (DySpan)},
  Year                     = {2011},

  Owner                    = {LV},
  Timestamp                = {2011.10.27}
}

@Article{Katz,
  Title                    = {Network Externalities, Competition, and Compatibility},
  Author                   = {M. L. Katz and C. Shapiro},
  Journal                  = {The American Economic Review},
  Year                     = {1985},
  Number                   = {3},
  Pages                    = {424--440},
  Volume                   = {75}
}

@Article{Kayastha2011,
  Title                    = {Applications, architectures, and protocol design issues for mobile social networks: A survey},
  Author                   = {Kayastha, N. and Niyato, D. and Wang, P. and Hossain, E.},
  Journal                  = {Proceedings of the IEEE},
  Year                     = {2011},
  Number                   = {12},
  Pages                    = {2130--2158},
  Volume                   = {99},

  Owner                    = {xchen179},
  Publisher                = {IEEE},
  Timestamp                = {2013.04.26}
}

@Article{kayastha2011applications,
  Title                    = {Applications, architectures, and protocol design issues for mobile social networks: A survey},
  Author                   = {Kayastha, Nipendra and Niyato, Dusit and Wang, Ping and Hossain, Ekram},
  Journal                  = {Proceedings of the IEEE},
  Year                     = {2011},
  Number                   = {12},
  Pages                    = {2130--2158},
  Volume                   = {99},

  Publisher                = {IEEE}
}

@Article{Niyato,
  Title                    = {Applications, Architectures, and Protocol Design Issues for Mobile Social Networks: A Survey},
  Author                   = {N. Kayastha and D. Niyato and P. Wang and E. Hossain},
  Journal                  = {Proceedings of the IEEE},
  Year                     = {2011},
  Number                   = {12},
  Pages                    = {2130-2158},
  Volume                   = {99}
}

@InProceedings{MaximizingInfluence,
  Title                    = {Maximizing the spread of influence through a social network},
  Author                   = {Kempe, David and Kleinberg, Jon and Tardos, \'{E}va},
  Booktitle                = {Proc. of the Ninth ACM International Conference on Knowledge Discovery and Data Mining},
  Pages                    = {137--146},

  Numpages                 = {10}
}

@InProceedings{kesidis2010stable,
  Title                    = {Stable Nash equilibria of ALOHA medium access games under symmetric, socially altruistic behavior},
  Author                   = {Kesidis, George and Jin, Youngmi and Azad, Amar Prakash and Altman, Eitan},
  Booktitle                = {IEEE CDC},
  Year                     = {2010},
  Organization             = {IEEE},
  Pages                    = {1071--1075}
}

@InProceedings{Khoshgozaran:Blind,
  Title                    = {Blind evaluation of nearest neighbor queries using space transformation to preserve location privacy},
  Author                   = {Khoshgozaran, A. and Shahabi, C.},
  Booktitle                = {Proceedings of SSTD},
  Year                     = {2007}
}

@Article{KangShin,
  Title                    = {Efficient discovery of spectrum opportunities with {MAC}-layer sensing in cognitive radio networks},
  Author                   = {Hyoil Kim and Kang G. Shin},
  Journal                  = {IEEE Transaction on Mobile Computing},
  Year                     = {2008},

  Month                    = May,
  Number                   = {5},
  Pages                    = {533-545},
  Volume                   = {7}
}

@Article{kim2008efficient,
  Title                    = {Efficient discovery of spectrum opportunities with MAC-layer sensing in cognitive radio networks},
  Author                   = {Kim, Hyoil and Shin, Kang G},
  Journal                  = {Mobile Computing, IEEE Transactions on},
  Year                     = {2008},
  Number                   = {5},
  Pages                    = {533--545},
  Volume                   = {7},

  Publisher                = {IEEE}
}

@Article{kleinberg2008convergence,
  Title                    = {The convergence of social and technological networks},
  Author                   = {Kleinberg, J.},
  Journal                  = {Communications of the ACM},
  Year                     = {2008},
  Number                   = {11},
  Pages                    = {66--72},
  Volume                   = {51},

  Owner                    = {xchen179},
  Publisher                = {ACM},
  Timestamp                = {2013.04.26}
}

@Book{kotz2012laplace,
  Title                    = {The Laplace distribution and generalizations: a revisit with applications to communications, economics, engineering, and finance},
  Author                   = {Kotz, S. and Kozubowski, T. and Podgorski, K.},
  Publisher                = {Springer Science \& Business Media},
  Year                     = {2012}
}

@InProceedings{Koutsopoulos13,
  Title                    = {Optimal Incentive-driven Design of Participatory Sensing Systems},
  Author                   = {Koutsopoulos, I.},
  Booktitle                = {Proc. IEEE INFOCOM 2013}
}

@InProceedings{Koutsopoulos13,
  Title                    = {Optimal Incentive-driven Design of Participatory Sensing Systems},
  Author                   = {Koutsopoulos, I.},
  Booktitle                = {IEEE INFOCOM 2013}
}

@InProceedings{koutsopoulos2013optimal,
  Title                    = {Optimal incentive-driven design of participatory sensing systems},
  Author                   = {Koutsopoulos, Iordanis},
  Booktitle                = {Proceedings of IEEE INFOCOM'13},
  Pages                    = {1402--1410}
}

@InProceedings{K13,
  Title                    = {Optimal incentive-driven design of participatory sensing systems},
  Author                   = {Iordanis Koutsopoulos},
  Booktitle                = {Proc. {IEEE} {INFOCOM}},
  Year                     = {2013}
}

@InProceedings{kriminger2011markov,
  Title                    = {Markov chain model of HomePlug {CSMA MAC} for determining optimal fixed contention window size},
  Author                   = {Kriminger, E. and Latchman, H.},
  Booktitle                = {IEEE International Symposium on Power Line Communications and Its Applications (ISPLC)},
  Year                     = {2011},

  Owner                    = {LV},
  Timestamp                = {2012.02.15}
}

@Article{kruger2005molecular,
  Title                    = {Molecular processes as a basis for autonomous networking},
  Author                   = {Kruger, B. and Dressler, F.},
  Journal                  = {IPSI Transactions on Advances Research: Issues in Computer Science and Engineering},
  Year                     = {2005},
  Number                   = {1},
  Pages                    = {43--50},
  Volume                   = {1}
}

@Article{Krumm09,
  Title                    = {A Survey of Computational Location Privacy},
  Author                   = {Krumm, John},
  Journal                  = {Personal Ubiquitous Comput.},
  Year                     = {2009},

  Month                    = aug,
  Number                   = {6},
  Pages                    = {391--399},
  Volume                   = {13}
}

@InProceedings{Krumm:Inference,
  Title                    = {Inference attacks on location tracks},
  Author                   = {J. Krumm},
  Booktitle                = {Proceedings of IEEE Pervasive},
  Year                     = {2007},

  Date-added               = {2014-07-26 21:42:59 +0000},
  Date-modified            = {2014-07-26 21:42:59 +0000},
  Owner                    = {ZDREAMY},
  Timestamp                = {2014.07.26}
}

@Book{Yin,
  Title                    = {{Stochastic Approximation and Recursive Algorithms and Applications}},
  Author                   = {Kushner, H. and Yin, G.},
  Publisher                = {Springer},
  Year                     = {2003}
}

@Article{laneman2004cooperative,
  Title                    = {Cooperative diversity in wireless networks: Efficient protocols and outage behavior},
  Author                   = {Laneman, J.N. and Tse, D.N.C. and Wornell, G.W.},
  Journal                  = {Information Theory, IEEE Transactions on},
  Year                     = {2004},
  Number                   = {12},
  Pages                    = {3062--3080},
  Volume                   = {50},

  Owner                    = {xchen179},
  Publisher                = {IEEE},
  Timestamp                = {2013.04.26}
}

@Book{Lasaulce2011,
  Title                    = {Game Theory and Learning for Wireless Networks: Fundamentals and Applications},
  Author                   = {Lasaulce, S. and Tembine, H.},
  Publisher                = {Academic Press},
  Year                     = {2011}
}

@InProceedings{TOARSS,
  Title                    = {{TDoA} and {RSS} based {E}xtended {K}alman {F}ilter for Indoor Person Localization},
  Author                   = {J. Lategahn and M. Muller and C. Rohrig},
  Booktitle                = {Proc. IEEE 78th Vehicular Technology Conference (VTC Fall)},
  Year                     = {2013},
  Month                    = {Sept},
  Pages                    = {1-5}
}

@InProceedings{law2009price,
  Title                    = {Price of anarchy for cognitive {MAC} games},
  Author                   = {Law, Lok Man and Huang, Jianwei and Liu, Mingyan and Li, Shuo-yen and others},
  Booktitle                = {Proceedings of IEEE GLOBECOM},
  Year                     = {2009},
  Pages                    = {1--6}
}

@Article{lee2009immunologically,
  Title                    = {An immunologically-inspired autonomic framework for self-organizing and evolvable network applications},
  Author                   = {Lee, C. and Suzuki, J.},
  Journal                  = {ACM Transactions on Autonomous and Adaptive Systems (TAAS)},
  Year                     = {2009},
  Number                   = {4},
  Pages                    = {22},
  Volume                   = {4},

  Publisher                = {ACM}
}

@Article{CPSIndustry4,
  Title                    = {A Cyber-Physical {S}ystems architecture for Industry 4.0-based manufacturing systems},
  Author                   = {Jay Lee and Behrad Bagheri and Hung-An Kao"},
  Journal                  = {Manufacturing Letters},
  Year                     = {2015},
  Pages                    = {18 - 23},
  Volume                   = {3}
}

@InProceedings{lee2010sell,
  Title                    = {Sell your experiences: a market mechanism based incentive for participatory sensing},
  Author                   = {Lee, Juong-Sik and Hoh, Baik},
  Booktitle                = {Proceedings of IEEE PerCom'10},
  Pages                    = {60--68}
}

@Unpublished{Brightkite,
  Title                    = {Brightkite Dataset},
  Author                   = {Jure Leskovec},
  Note                     = {Stanford University. Available at http://snap.stanford.edu/ data/loc-brightkite.html},
  Year                     = {2012},

  Institution              = {Stanford University},
  Owner                    = {xchen179},
  Timestamp                = {2012.12.12}
}

@Article{Leslie02,
  Title                    = {Convergent Multiple-Timescales Reinforcement Learning Algorithms in Normal Form Games},
  Author                   = {David S. Leslie and E. J. Collins},
  Journal                  = {Annals of Applied Probability},
  Year                     = {2002},
  Pages                    = {1231--1251},
  Volume                   = {13}
}

@InProceedings{li2011propagation,
  Title                    = {Propagation of spectrum preference in cognitive radio networks: A social network approach},
  Author                   = {Li, H. and Chen, C. and Lai, L.},
  Booktitle                = {Proceedings of IEEE ICC},
  Year                     = {2011},
  Pages                    = {1--5}
}

@InProceedings{li2014resolving,
  Title                    = {Resolving conflicts in heterogeneous data by truth discovery and source reliability estimation},
  Author                   = {Li, Q. and Li, Y. and Gao, J. and Zhao, B. and Fan, W. and Han, J.},
  Booktitle                = {Proceedings of {ACM} {SIGMOD}'14},
  Year                     = {2014},
  Pages                    = {1187--1198}
}

@InProceedings{Li09,
  Title                    = {Revenue Maximization for Communication Networks with Usage-Based Pricing},
  Author                   = {Shuqin Li and Jianwei Huang and Li, S.-Y.R.},
  Booktitle                = {IEEE Global Telecommunications Conference},
  Year                     = {2009},
  Pages                    = {1-6}
}

@Article{Li,
  Title                    = {Linear Network Coding},
  Author                   = {S. Li and R. Yeung and N. Cai},
  Journal                  = {IEEE Transaction on Information Theory},
  Year                     = {2003},

  Month                    = Jul,
  Number                   = {2},
  Pages                    = {371-381},
  Volume                   = {49}
}

@Article{Tianming,
  Title                    = {When Users Interfere with Protocols: Prospect Theory in Wireless Networks using Random Access and Data Pricing as an Example},
  Author                   = {T. Li and N. B. Mandayam},
  Journal                  = {IEEE Transactions on Wireless Communications},
  Year                     = {2014},
  Number                   = {4},
  Pages                    = {1888-1907},
  Volume                   = {13}
}

@InProceedings{Chants11,
  Title                    = {Multiple mobile data offloading through delay tolerant networks},
  Author                   = {Li, Yong and Su, Guolong and Hui, Pan and Jin, Depeng and Su, Li and Zeng, Lieguang},
  Booktitle                = {Proc. ACM CHANTS '11},
  Pages                    = {43--48},

  Numpages                 = {6}
}

@InProceedings{LocalizationLi,
  Title                    = {Adversarial Localization Against Wireless Cameras},
  Author                   = {Li, Zhijing and Xiao, Zhujun and Zhu, Yanzi and Pattarachanyakul, Irene and Zhao, Ben Y. and Zheng, Haitao},
  Booktitle                = {Proceedings of the 19th ACM HotMobile},
  Year                     = {2018},
  Pages                    = {87--92},

  Numpages                 = {6}
}

@Article{liang2008sensing,
  Title                    = {Sensing-throughput tradeoff for cognitive radio networks},
  Author                   = {Liang, Ying-Chang and Zeng, Yonghong and Peh, Edward CY and Hoang, Anh Tuan},
  Journal                  = {IEEE Transactions on Wireless Communications},
  Year                     = {2008},
  Number                   = {4},
  Pages                    = {1326--1337},
  Volume                   = {7},

  Publisher                = {IEEE}
}

@Article{key-31,
  Title                    = {Back-of-the-envelope computation of throughput distributions in CSMA wireless networks},
  Author                   = {Liew, S.C. and Kai, C.H. and Leung, H.C. and Wong, P.},
  Journal                  = {IEEE Transactions on Mobile Computing},
  Year                     = {2010},
  Number                   = {9},
  Pages                    = {1319--1331},
  Volume                   = {9},

  Owner                    = {LV},
  Publisher                = {IEEE},
  Timestamp                = {2012.05.29}
}

@InProceedings{ligett2012take,
  Title                    = {Take It or Leave It: Running a Survey When Privacy Comes at a Cost.},
  Author                   = {Ligett, Katrina and Roth, Aaron},
  Booktitle                = {WINE},
  Year                     = {2012},
  Organization             = {Springer},
  Pages                    = {378--391},
  Volume                   = {7695}
}

@Article{smartplug,
  Title                    = {Security Vulnerabilities of Internet of Things: A Case Study of the Smart Plug System},
  Author                   = {Z. {Ling} and J. {Luo} and Y. {Xu} and C. {Gao} and K. {Wu} and X. {Fu}},
  Journal                  = {IEEE Internet of Things Journal},
  Year                     = {2017},
  Number                   = {6},
  Pages                    = {1899-1909},
  Volume                   = {4}
}

@Article{liu2010distributed,
  Title                    = {Distributed learning in multi-armed bandit with multiple players},
  Author                   = {Liu, Keqin and Zhao, Qing},
  Journal                  = {IEEE Transactions on Signal Processing},
  Year                     = {2010},
  Number                   = {11},
  Pages                    = {5667--5681},
  Volume                   = {58},

  Publisher                = {IEEE}
}

@InProceedings{Liu10,
  Title                    = {{P2P} Trading in Social Networks: The Value of Staying Connected},
  Author                   = {Liu, Z. and Hu, H. and Liu, Y. and Ross, K.~W. and Wang, Y. and Mobius, M},
  Booktitle                = {Proc. IEEE INFOCOM 2010}
}

@InProceedings{Liu10,
  Title                    = {{P2P} Trading in Social Networks: The Value of Staying Connected},
  Author                   = {Liu, Z. and Hu, H. and Liu, Y. and Ross, K.~W. and Wang, Y. and Mobius, M},
  Booktitle                = {IEEE INFOCOM 2010}
}

@Conference{Medard_queueing,
  Title                    = {Random Linear Network Coding for Time-Division Duplexing: queueing Analysis},
  Author                   = {D. Lucani and M. M\'{e}dard and M. Stojanovic},
  Booktitle                = {Proc.\ IEEE ISIT'09}
}

@InProceedings{luo2015crowdsourcing,
  Title                    = {Crowdsourcing with tullock contests: A new perspective},
  Author                   = {Luo, Tie and Kanhere, Salil S and Tan, Hwee-Pink and Wu, Fan and Wu, Hongyi},
  Booktitle                = {Proceedings of IEEE INFOCOM'15},
  Pages                    = {2515--2523}
}

@InProceedings{Tie,
  Title                    = {Profit-maximizing incentive for participatory sensing},
  Author                   = {Tie Luo and Hwee-Pink Tan and Lirong Xia},
  Booktitle                = {Proc. IEEE INFOCOM},
  Year                     = {2014}
}

@InProceedings{Luo12,
  Title                    = {Fairness and Social Welfare in Incentivizing Participatory Sensing},
  Author                   = {Luo, T. and Tham, C.-K.},
  Booktitle                = {Proc. IEEE SECON 2012}
}

@InProceedings{Luo12,
  Title                    = {Fairness and Social Welfare in Incentivizing Participatory Sensing},
  Author                   = {Luo, T. and Tham, C.-K.},
  Booktitle                = {IEEE SECON 2012}
}

@InProceedings{luo2012spectrum,
  Title                    = {Spectrum Broker by Geo-location Database},
  Author                   = {Luo, Yuan and Gao, Lin and Huang, Jianwei},
  Booktitle                = {IEEE GlobeCom},
  Year                     = {2012}
}

@Article{ma2014opportunities,
  Title                    = {Opportunities in mobile crowd sensing},
  Author                   = {Ma, Huadong and Zhao, Dong and Yuan, Peiyan},
  Journal                  = {IEEE Communications Magazine},
  Year                     = {2014},
  Number                   = {8},
  Pages                    = {29--35},
  Volume                   = {52}
}

@InProceedings{Machanavajjhala:Privacy,
  Title                    = {Privacy: Theory meets Practice on the Map},
  Author                   = {Machanavajjhala, A. and Kifer, D. and Abowd, J. and Gehrke, J. and Vilhuber, L},
  Booktitle                = {Proceedings of IEEE ICDE},
  Year                     = {2008},

  Date-added               = {2014-07-26 21:45:07 +0000},
  Date-modified            = {2014-07-26 21:45:07 +0000},
  Owner                    = {ZDREAMY},
  Timestamp                = {2014.07.26}
}

@Book{maddux1997social,
  Title                    = {Social cognitive psychology: History and current domains},
  Author                   = {Maddux, James E and Snyder, CR},
  Publisher                = {Springer},
  Year                     = {1997}
}

@InProceedings{Maille08,
  Title                    = {Analysis of Price Competition in a Slotted Resource Allocation Game},
  Author                   = {Maille, P. and Tuffin, B.},
  Booktitle                = {IEEE INFOCOM},
  Year                     = {2008}
}

@InProceedings{social,
  Title                    = {Proactive seeding for information cascades in cellular networks},
  Author                   = {F. Malandrino and M. Kurant and A. Markopoulou and C. Westphal and U. C. Kozat},
  Booktitle                = {Proceedings of 31st IEEE INFOCOM},
  Year                     = {2012},
  Pages                    = {1719-1727}
}

@Article{mao2015lyapunov,
  Title                    = {A Lyapunov optimization approach for green cellular networks with hybrid energy supplies},
  Author                   = {Mao, Yuyi and Zhang, Jun and Letaief, Khaled B},
  Journal                  = {IEEE Journal on Selected Areas in Communications},
  Year                     = {2015},
  Number                   = {12},
  Pages                    = {2463--2477},
  Volume                   = {33}
}

@Article{Marbach03,
  Title                    = {Priority service and max-min fairness},
  Author                   = {Marbach, P.},
  Journal                  = {IEEE/ACM Transactions on Networking},
  Year                     = {2003},
  Number                   = {5},
  Pages                    = {733-746},
  Volume                   = {11}
}

@Article{marbach2005cooperation,
  Title                    = {Cooperation in wireless ad hoc networks: A market-based approach},
  Author                   = {Marbach, P. and Qiu, Y.},
  Journal                  = {IEEE/ACM ToN},
  Year                     = {2005},
  Number                   = {6},
  Pages                    = {1325--1338},
  Volume                   = {13},

  Owner                    = {xchen179},
  Publisher                = {IEEE Press},
  Timestamp                = {2013.04.26}
}

@InProceedings{Marti00,
  Title                    = {Mitigating routing misbehavior in mobile ad hoc networks},
  Author                   = {S. Marti and T. J. Giuli and K. Lai and M. Baker},
  Booktitle                = {ACM MOBICOM 2000}
}

@InProceedings{Marti00,
  Title                    = {Mitigating routing misbehavior in mobile ad hoc networks},
  Author                   = {S. Marti and T. J. Giuli and K. Lai and M. Baker},
  Booktitle                = {Proc. ACM MOBICOM 2000}
}

@Misc{Mcafee,
  Title                    = {Dynamic Pricing in the Airline Industry},

  Author                   = {R. Preston Mcafee and Vera Te Velde},
  HowPublished             = {\url{http://mcafee.cc/Papers/PDF/DynamicPriceDiscrimination.pdf}}
}

@TechReport{SOM2005,
  Title                    = {Spectrum Occupancy Measurements},
  Author                   = {Mark A. McHenry and Dan McCloskey and Dennis Roberson and John T. MacDonald},
  Institution              = {Shared Spectrum Company},
  Year                     = {2005},

  Owner                    = {LV},
  Timestamp                = {2012.02.29}
}

@Book{megiddo1986complexity,
  Title                    = {On the complexity of linear programming},
  Author                   = {Megiddo, N.},
  Publisher                = {IBM Thomas J. Watson Research Division},
  Year                     = {1986}
}

@InProceedings{meng2015truth,
  Title                    = {Truth discovery on crowd sensing of correlated entities},
  Author                   = {Meng, C. and Jiang, W. and Li, Y. and Gao, J. and Su, L. and Ding, H. and Cheng, Y.},
  Booktitle                = {Proceedings of {ACM} SenSys'15},
  Year                     = {2015},
  Pages                    = {169--182}
}

@Article{meng2011collaborative,
  Title                    = {Collaborative spectrum sensing from sparse observations in cognitive radio networks},
  Author                   = {Meng, Jia and Yin, Wotao and Li, Husheng and Hossain, Ekram and Han, Zhu},
  Journal                  = {IEEE Journal on Selected Areas in Communications},
  Year                     = {2011},
  Number                   = {2},
  Pages                    = {327--337},
  Volume                   = {29},

  Publisher                = {IEEE}
}

@Article{TCyber15,
  Title                    = {Trust and Compactness in Social Network Groups},
  Author                   = {P. De Meo and E. Ferrara and D. Rosaci and G. M. L. Sarné},
  Journal                  = {IEEE Transactions on Cybernetics},
  Year                     = {2015},
  Number                   = {2},
  Pages                    = {205-216},
  Volume                   = {45}
}

@InProceedings{milan2006achieving,
  Title                    = {Achieving cooperation in multihop wireless networks of selfish nodes},
  Author                   = {Milan, F. and Jaramillo, J.J. and Srikant, R.},
  Booktitle                = {GameNets},
  Year                     = {2006},
  Pages                    = {3},

  Owner                    = {xchen179},
  Timestamp                = {2013.04.26}
}

@Book{milgrom2004putting,
  Title                    = {Putting auction theory to work},
  Author                   = {Milgrom, P. R.},
  Publisher                = {Cambridge University Press},
  Year                     = {2004}
}

@InProceedings{SNPowerLaw,
  Title                    = {Measurement and analysis of online social networks},
  Author                   = {Mislove, Alan and Marcon, Massimiliano and Gummadi, Krishna P. and Druschel, Peter and Bhattacharjee, Bobby},
  Booktitle                = {Proceedings of the 7th ACM SIGCOMM conference on Internet measurement},
  Year                     = {2007},

  Address                  = {New York, NY, USA},
  Pages                    = {29--42},
  Publisher                = {ACM},
  Series                   = {IMC '07},

  Acmid                    = {1298311},
  ISBN                     = {978-1-59593-908-1},
  Location                 = {San Diego, California, USA},
  Numpages                 = {14}
}

@InProceedings{Mislove08,
  Title                    = {Ostra: Leveraging trust to thwart unwanted communication},
  Author                   = {Mislove, A. and Post, A. and Druschel, P. and Gummadi, K. P.},
  Booktitle                = {Usenix NSDI 2008}
}

@InProceedings{Mislove08,
  Title                    = {Ostra: Leveraging trust to thwart unwanted communication},
  Author                   = {Mislove, A. and Post, A. and Druschel, P. and Gummadi, K. P.},
  Booktitle                = {Usenix NSDI 2008}
}

@Article{ap5,
  Title                    = {A game-theoretic analysis of wireless access point selection by mobile users},
  Author                   = {Kimaya Mittal and Elizabeth M. Belding and Subhash Suri},
  Journal                  = {Computer Communications},
  Year                     = {2008},
  Number                   = {10},
  Pages                    = {2049--2062},
  Volume                   = {31},

  Bibdate                  = {2008-07-07},
  Bibsource                = {DBLP, http://dblp.uni-trier.de/db/journals/comcom/comcom31.html#MittalBS08}
}

@Article{molva2001core,
  Title                    = {Core: a collaborative reputation mechanism to enforce node cooperation in mobile ad hoc networks},
  Author                   = {Molva, R. and Michiardi, P.},
  Journal                  = {Institute EurecomResearch Report RR-02-062},
  Year                     = {2001},

  Owner                    = {xchen179},
  Timestamp                = {2013.04.26}
}

@Article{Monderer1996,
  Title                    = {Potential Games},
  Author                   = {Dov Monderer and Lloyd S. Shapley},
  Journal                  = {Games and Economic Behavior},
  Year                     = {1996},
  Pages                    = {124-143},
  Volume                   = {14},

  Owner                    = {LV},
  Timestamp                = {2011.01.13}
}

@Article{monderer1996potential,
  Title                    = {Potential games},
  Author                   = {Monderer, Dov and Shapley, Lloyd S},
  Journal                  = {Games and economic behavior},
  Year                     = {1996},
  Number                   = {1},
  Pages                    = {124--143},
  Volume                   = {14},

  Publisher                = {Elsevier Science}
}

@Article{shapley96,
  Title                    = {Potential Games},
  Author                   = {Dov Monderer and Lloyd S. Shapley},
  Journal                  = {Games and Economic Behavior},
  Year                     = {1996},
  Pages                    = {124 - 143},
  Volume                   = {14}
}

@Book{lcp,
  Title                    = {Linear Complementarity, Linear and Nonlinear Programming},
  Author                   = {K. G. Murty},
  Publisher                = {Heldermann Verlag},
  Year                     = {1988}
}

@Conference{db4,
  Title                    = {Senseless: A database-driven white spaces network},
  Author                   = {R. Murty and R. Chandra and T. Moscibroda and P. Bahl},
  Booktitle                = {IEEE Symposia on New Frontiers in Dynamic Spectrum Access Netoworks (DySpan)},
  Year                     = {2011},

  Owner                    = {LV},
  Timestamp                = {2011.10.27}
}

@Book{myerson1997game,
  Title                    = {Game theory: analysis of conflict},
  Author                   = {Myerson, R.B.},
  Publisher                = {Harvard University Press},
  Year                     = {1997},

  Owner                    = {xchen179},
  Timestamp                = {2013.04.26}
}

@Article{Myerson1981,
  Title                    = {{Optimal Auction Design}},
  Author                   = {Roger B. Myerson},
  Journal                  = {Mathematics of Operations Research},
  Year                     = {1981},

  Publisher                = {INFORMS}
}

@InProceedings{Nair11,
  Title                    = {Exploiting network effects in the provisioning of large scale systems},
  Author                   = {Nair, J. and Wierman, A. and Zwart, B.},
  Booktitle                = {Proc. of IFIP Performance 2011}
}

@Article{neely2009optimal,
  Title                    = {Optimal pricing in a free market wireless network},
  Author                   = {Neely, M.J.},
  Journal                  = {Wireless Networks},
  Year                     = {2009},
  Number                   = {7},
  Pages                    = {901--915},
  Volume                   = {15},

  Owner                    = {xchen179},
  Publisher                = {Springer},
  Timestamp                = {2013.04.26}
}

@Article{neely2010stochastic,
  Title                    = {Stochastic network optimization with application to communication and queueing systems},
  Author                   = {Neely, Michael J},
  Journal                  = {Synthesis Lectures on Communication Networks},
  Year                     = {2010},
  Number                   = {1},
  Pages                    = {1--211},
  Volume                   = {3},

  Publisher                = {Morgan \& Claypool Publishers}
}

@TechReport{db3,
  Title                    = {Quantifying the Availability of TV White Spaces for Cognitive Radio Operation in the UK},
  Author                   = {Maziar Nekovee},
  Year                     = {2009},

  Owner                    = {LV},
  Timestamp                = {2011.10.27},
  Url                      = {http://arxiv.org/abs/0906.3394v1}
}

@Article{Newman2002a,
  Title                    = {Random graph models of social networks},
  Author                   = {Newman, M.E.J. and Watts, D.J. and Strogatz, S.H.},
  Journal                  = {PANS},
  Year                     = {2002},
  Number                   = {1},
  Pages                    = {2566--2572},
  Volume                   = {99},

  Owner                    = {xchen179},
  Publisher                = {National Acad Sciences},
  Timestamp                = {2013.04.26}
}

@Article{Newman2002,
  Title                    = {Random graph models of social networks},
  Author                   = {Newman, Mark EJ and Watts, Duncan J and Strogatz, Steven H},
  Journal                  = {PANS},
  Year                     = {2002},
  Number                   = {Suppl 1},
  Pages                    = {2566--2572},
  Volume                   = {99},

  Publisher                = {National Acad Sciences}
}

@InProceedings{nie2005adaptive,
  Title                    = {Adaptive channel allocation spectrum etiquette for cognitive radio networks},
  Author                   = {Nie, Nie and Comaniciu, Cristina},
  Booktitle                = {Proceedings of 1st IEEE International Symposium on New Frontiers in Dynamic Spectrum Access Networks},
  Year                     = {2005},
  Pages                    = {269--278}
}

@Book{Nisan,
  Title                    = {Algorithmic Game Theory},
  Author                   = {Nisan, Noam and Roughgarden, Tim and Tardos, Eva and Vazirani, Vijay V.},
  Publisher                = {Cambridge University Press},
  Year                     = {2007}
}

@Book{Nisan07,
  Title                    = {Algorithmic Game Theory},
  Author                   = {Nisan, Noam and Roughgarden, Tim and Tardos, Eva and Vazirani, Vijay V.},
  Publisher                = {Cambridge University Press},
  Year                     = {2007}
}

@InProceedings{nissim2014redrawing,
  Title                    = {Redrawing the boundaries on purchasing data from privacy-sensitive individuals},
  Author                   = {Nissim, Kobbi and Vadhan, Salil and Xiao, David},
  Booktitle                = {Proceedings of ACM ITCS'14},
  Pages                    = {411--422}
}

@Article{Niyato08,
  Title                    = {Competitive Pricing for Spectrum Sharing in Cognitive Radio Networks: Dynamic Game, Inefficiency of Nash Equilibrium, and Collusion},
  Author                   = {Niyato, D. and Hossain, E.},
  Journal                  = {IEEE Journal on Selected Areas in Communications},
  Year                     = {2008},
  Number                   = {1},
  Pages                    = {192-202},
  Volume                   = {26}
}

@InProceedings{Obermaier:2016:ASP:2899007.2899008,
  Title                    = {Analyzing the Security and Privacy of Cloud-based Video Surveillance Systems},
  Author                   = {Obermaier, Johannes and Hutle, Martin},
  Booktitle                = {Proceedings of the 2Nd ACM International Workshop on IoT Privacy, Trust, and Security},
  Year                     = {2016},
  Pages                    = {22--28},

  Numpages                 = {7}
}

@InProceedings{Sango11,
  Title                    = {Multi-node coordinated jamming for location privacy protection},
  Author                   = {Sangho Oh and Gruteser, M.},
  Booktitle                = {MILITARY COMMUNICATIONS CONFERENCE, 2011 - MILCOM 2011},
  Year                     = {2011},
  Month                    = {Nov},
  Pages                    = {1243-1249}
}

@InProceedings{Sangho12,
  Title                    = {Phantom: Physical layer cooperation for location privacy protection},
  Author                   = {S. Oh and T. Vu and M. Gruteser and S. Banerjee},
  Booktitle                = {Proceedings of IEEE INFOCOM},
  Year                     = {2012},
  Pages                    = {3061-3065}
}

@Article{offloading,
  Title                    = {Offloading in HetNet: A Coordination of Interference Mitigation, User Association, and Resource Allocation},
  Author                   = {T. Z. Oo and N. H. Tran and W. Saad and D. Niyato and Z. Han and C. S. Hong},
  Journal                  = {IEEE Transactions on Mobile Computing},
  Year                     = {2017},

  Month                    = {Aug},
  Number                   = {8},
  Pages                    = {2276-2291},
  Volume                   = {16}
}

@Book{osborne,
  Title                    = {A Course in Game Theory},
  Author                   = {Osborne, M. J. and Rubinstein, A.},
  Publisher                = {MIT Press},
  Year                     = {1994}
}

@Article{ozgur2007hierarchical,
  Title                    = {Hierarchical Cooperation Achieves Optimal Capacity Scaling in< emphasis> Ad Hoc</emphasis> Networks},
  Author                   = {Ozgur, A. and L{\'e}v{\^e}que, O. and Tse, D.N.C.},
  Journal                  = {IEEE Transactions on Information Theory},
  Year                     = {2007},
  Number                   = {10},
  Pages                    = {3549--3572},
  Volume                   = {53},

  Owner                    = {xchen179},
  Publisher                = {IEEE},
  Timestamp                = {2013.04.26}
}

@InProceedings{Ozianyi05,
  Title                    = {A novel pricing approach for {Q}o{S} enabled 3{G} networks},
  Author                   = {Ozianyi, V.G. and Ventura, N.},
  Booktitle                = {The IEEE Conference on Local Computer Networks},
  Year                     = {2005}
}

@InProceedings{UtilityBased,
  Title                    = {Utility-based forwarding: a comparison in different mobility scenarios},
  Author                   = {Pagani, Elena and Rossi, Gian Paolo},
  Booktitle                = {Proc. ACM International Workshop on Mobile Opportunistic Networks '12},
  Pages                    = {29--36},

  Numpages                 = {8}
}

@Article{Pai13,
  Title                    = {Privacy and Mechanism Design},
  Author                   = {Pai, Mallesh M. and Roth, Aaron},
  Journal                  = {SIGecom Exch.},
  Year                     = {2013},

  Month                    = June,

  ISSN                     = {1551-9031}
}

@Article{pandey2006survey,
  Title                    = {A survey on localization techniques for wireless networks},
  Author                   = {Pandey, S. and Agrawal, P.},
  Journal                  = {Journal of the Chinese Institute of Engineers},
  Year                     = {2006},
  Number                   = {7},
  Pages                    = {1125--1148},
  Volume                   = {29},

  Owner                    = {xchen179},
  Publisher                = {Taylor \& Francis},
  Timestamp                = {2013.04.26}
}

@Article{Paschalidis00,
  Title                    = {Congestion-dependent Pricing of Network Services},
  Author                   = {Paschalidis, Ioannis Ch. and Tsitsiklis, John N.},
  Journal                  = {IEEE/ACM Trans. Netw.},
  Year                     = {2000},
  Pages                    = {171--184},
  Volume                   = {8}
}

@InProceedings{Peng15,
  Title                    = {Pay As How Well You Do: A Quality Based Incentive Mechanism for Crowdsensing},
  Author                   = {Peng, Dan and Wu, Fan and Chen, Guihai},
  Booktitle                = {Proc. the 16th ACM International Symposium on Mobile Ad Hoc Networking and Computing},
  Year                     = {2015}
}

@InProceedings{peng2015pay,
  Title                    = {Pay as how well you do: A quality based incentive mechanism for crowdsensing},
  Author                   = {Peng, D. and Wu, F. and Chen, G.},
  Booktitle                = {Proceedings of {ACM} MobiHoc'15},
  Year                     = {2015},
  Pages                    = {177--186}
}

@Article{Leslie,
  Title                    = {Asynchronous Stochastic Approximation with Differential Inclusions},
  Author                   = {Perkins, S. and Leslie, D. S.},
  Journal                  = {Stochastic Systems},
  Year                     = {2012},
  Number                   = {2},
  Pages                    = {409-446},
  Volume                   = {2}
}

@InProceedings{Perlaza,
  Title                    = {How can ignorant but patient cognitive terminals learn their strategy and utility?},
  Author                   = {Perlaza, S.M. and Tembine, H. and Lasaulce, S.},
  Booktitle                = {Signal Processing Advances in Wireless Communications (SPAWC), 2010 IEEE Eleventh International Workshop on},
  Year                     = {2010},
  Month                    = {June},
  Pages                    = {1-5}
}

@Article{Powercontrol,
  Title                    = {Game-Theoretic Approach to Joint Transmitter Adaptation and Power Control in Wireless Systems},
  Author                   = {D. C. Popescu and D. B. Rawat and O. Popescu and M. Saquib},
  Journal                  = {IEEE Transactions on Systems, Man, and Cybernetics, Part B (Cybernetics)},
  Year                     = {2010},

  Month                    = {June},
  Number                   = {3},
  Pages                    = {675-682},
  Volume                   = {40}
}

@Article{Porter,
  Title                    = {Simple search methods for finding a Nash equilibrium.},
  Author                   = {Porter, Ryan and Nudelman, Eugene and Shoham, Yoav},
  Journal                  = {Games and Economic Behavior},
  Year                     = {2008}
}

@Article{Prelec,
  Title                    = {Decision Making over Time and Under Uncertainty: A Common Approach},
  Author                   = {Prelec, D. and Loewenstein, G.},
  Journal                  = {Management Science},
  Year                     = {1991},
  Number                   = {7},
  Pages                    = {770--786},
  Volume                   = {37}
}

@InProceedings{ramachandran2006interference,
  Title                    = {Interference-Aware Channel Assignment in Multi-Radio Wireless Mesh Networks.},
  Author                   = {Ramachandran, Krishna N and Belding-Royer, Elizabeth M and Almeroth, Kevin C and Buddhikot, Milind M},
  Booktitle                = {INFOCOM},
  Year                     = {2006},
  Pages                    = {1--12},
  Volume                   = {6}
}

@InProceedings{Ray2015,
  Title                    = {Profit Maximizing Prior-free Multi-unit Procurement Auctions with Capacitated Sellers},
  Author                   = {Ray, Arupratan and Mandal, Debmalya and Narahari, Yadati},
  Booktitle                = {Proc. the 2015 International Conference on Autonomous Agents and Multiagent Systems},
  Year                     = {2015},
  Pages                    = {1753--1754}
}

@Article{rogers2005self,
  Title                    = {Self-organized routing for wireless microsensor networks},
  Author                   = {Rogers, A. and David, E. and Jennings, N.R.},
  Journal                  = {IEEE Transactions on Systems, Man and Cybernetics, Part A: Systems and Humans},
  Year                     = {2005},
  Number                   = {3},
  Pages                    = {349--359},
  Volume                   = {35},

  Publisher                = {IEEE}
}

@Article{Rolfs,
  Title                    = {A Theory of Interdependent Demand for a Communications Service},
  Author                   = {J. Rohlfs},
  Journal                  = {The Bell Journal of Economics and Management Science},
  Year                     = {1974},
  Number                   = {1},
  Pages                    = {16--37},
  Volume                   = {5}
}

@Article{trialerror,
  Title                    = {Self-Organization in Decentralized Networks: A Trial and Error Learning Approach},
  Author                   = {L. Rose and S. M. Perlaza and C. J. Le Martret and M. Debbah},
  Journal                  = {IEEE Transactions on Wireless Communications},
  Year                     = {2014},

  Month                    = {January},
  Number                   = {1},
  Pages                    = {268-279},
  Volume                   = {13}
}

@Article{econometrica,
  Title                    = {Existence and uniqueness of equilibrium points for concave $n$-person games},
  Author                   = {Rosen, J. B.},
  Journal                  = {Econometrica},
  Year                     = {1965},
  Pages                    = {520--534},
  Volume                   = {33}
}

@Article{Rosen65,
  Title                    = {Existence and uniqueness of equilibrium points for concave {N-person} games},
  Author                   = {Rosen, J.~B},
  Journal                  = {Econometrica},
  Year                     = {1965},
  Number                   = {3},
  Pages                    = {520-534},
  Volume                   = {33}
}

@Book{roth1995handbook,
  Title                    = {The handbook of experimental economics},
  Author                   = {Roth, Alvin E and Kagel, John Henry},
  Publisher                = {Princeton university press Princeton},
  Year                     = {1995},
  Volume                   = {1}
}

@Book{roughgarden2005selfish,
  Title                    = {Selfish routing and the price of anarchy},
  Author                   = {Roughgarden, Tim},
  Publisher                = {MIT press},
  Year                     = {2005}
}

@InProceedings{saad2009game,
  Title                    = {Coalitional games for distributed collaborative spectrum sensing in cognitive radio networks},
  Author                   = {Saad, W. and Han, Z. and Debbah, M. and Hjorungnes, A. and Basar, T.},
  Booktitle                = {INFOCOM},
  Year                     = {2009},
  Organization             = {IEEE},
  Pages                    = {2114-2122}
}

@InProceedings{securitysuvey,
  Title                    = {Security and privacy challenges in industrial Internet of Things},
  Author                   = {A. {Sadeghi} and C. {Wachsmann} and M. {Waidner}},
  Booktitle                = {Proceedings of the 52nd ACM/EDAC/IEEE Design Automation Conference (DAC)},
  Year                     = {2015},
  Pages                    = {1-6}
}

@Article{Sagduyu_IT09,
  Title                    = {On Broadcast Stability of Queue-based Dynamic Network Coding over Erasure Channels},
  Author                   = {Y. E. Sagduyu and A. Ephremides},
  Journal                  = {IEEE Transaction on Information Theory},
  Year                     = {2009},
  Number                   = {12},
  Pages                    = {5463--5478},
  Volume                   = {55}
}

@Article{Sahai09,
  Title                    = {Cognitive Radios for Spectrum Sharing},
  Author                   = {Sahai, A., et al},
  Journal                  = {IEEE Signal Processing Magazine},
  Year                     = {2009},

  Month                    = {Jan.},
  Pages                    = {140-145},
  Volume                   = {26}
}

@Article{TII-dynamic,
  Title                    = {Dynamic Spectrum Allocation Algorithms for Industrial Cognitive Radio Networks},
  Author                   = {P. K. Sahoo and S. Mohapatra and J. Sheu},
  Journal                  = {IEEE Transactions on Industrial Informatics},
  Year                     = {2018},

  Month                    = {July},
  Number                   = {7},
  Volume                   = {14}
}

@Article{negative,
  Title                    = {Negative Externalities and Evolutionary Implementation},
  Author                   = {W. H. Sandholm},
  Journal                  = {The Review of Economic Studies},
  Year                     = {2005},
  Number                   = {3},
  Pages                    = {885--915},
  Volume                   = {72}
}

@Article{BassDiffusion,
  Title                    = {Demand-Aware Content Distribution on the {I}nternet},
  Author                   = {Shakkottai, S. and Johari, R.},
  Journal                  = {IEEE/ACM Transactions on Networking},
  Year                     = {2010},

  Month                    = {april},
  Number                   = {2},
  Pages                    = {476 -489},
  Volume                   = {18}
}

@Article{NET,
  Title                    = {Network Optimization and Control},
  Author                   = {S. Shakkottai and R. Srikant},
  Journal                  = {Foundations and Trends in Networking},
  Year                     = {2008},
  Number                   = {3},
  Pages                    = {271-379},
  Volume                   = {2}
}

@Article{shapley1953stochastic,
  Title                    = {Stochastic games},
  Author                   = {Shapley, Lloyd S},
  Journal                  = {Proceedings of the National Academy of Sciences of the United States of America},
  Year                     = {1953},
  Number                   = {10},
  Pages                    = {1095},
  Volume                   = {39},

  Publisher                = {National Academy of Sciences}
}

@InProceedings{Utilizing,
  Title                    = {Utilizing Social Influence in Content Distribution Networks},
  Author                   = {Sharara, H. and Westphal, C. and Radosavac, S. and Kozat, U.C.},
  Booktitle                = {Proc. IEEE ICC '11},
  Pages                    = {1 -6}
}

@Article{Shen07,
  Title                    = {Optimal nonlinear pricing for a monopolistic network service provider with complete and incomplete information},
  Author                   = {Shen, Hongxia and Ba{\c{s}}ar, Tamer},
  Journal                  = {IEEE Journal on Selected Areas in Communications},
  Year                     = {2007},
  Number                   = {6},
  Pages                    = {1216--1223},
  Volume                   = {25},

  Publisher                = {IEEE}
}

@Article{sheng2013sensing,
  Title                    = {Sensing as a service: Challenges, solutions and future directions},
  Author                   = {Sheng, X. and Tang, J. and Xiao, X. and Xue, G.},
  Journal                  = {{IEEE} Sensors J.},
  Year                     = {2013},
  Number                   = {10},
  Pages                    = {3733--3741},
  Volume                   = {13}
}

@InProceedings{Shevade08,
  Title                    = {Incentive-aware routing in {DTNs}},
  Author                   = {U. Shevade and H. H. Song and L. Qiu and Y. Zhang},
  Booktitle                = {Proc. IEEE ICNP 2008}
}

@InProceedings{Shevade08,
  Title                    = {Incentive-aware routing in {DTNs}},
  Author                   = {U. Shevade and H. H. Song and L. Qiu and Y. Zhang},
  Booktitle                = {IEEE ICNP 2008}
}

@Article{Shilton:Four,
  Title                    = {Four Billion Little Brothers?: Privacy, mobile phones, and ubiquitous data collection},
  Author                   = {K. Shilton},
  Journal                  = {Communications of the ACM},
  Year                     = {2009},
  Pages                    = {48-53},
  Volume                   = {52},

  Date-added               = {2014-07-26 21:44:03 +0000},
  Date-modified            = {2014-07-26 21:44:03 +0000},
  Owner                    = {ZDREAMY},
  Timestamp                = {2014.07.26}
}

@Article{Shin:AnonySense,
  Title                    = {Anony{S}ense: A System for Anonymous Opportunistic Sensing},
  Author                   = {M. Shin and C. Cornelius and D. Peebles and A. Kapadia and D. Kotz and N. Triandopoulos},
  Journal                  = {Journal of Pervasive and Mobile Computing},
  Year                     = {2010},
  Pages                    = {16-30},
  Volume                   = {7}
}

@Article{TIEYuanchao,
  Title                    = {Gradient-Based Fingerprinting for Indoor Localization and Tracking},
  Author                   = {Y. Shu and Y. Huang and J. Zhang and P. CouÃ and P. Cheng and J. Chen and K. G. Shin},
  Journal                  = {IEEE Transactions on Industrial Electronics},
  Year                     = {2016},
  Number                   = {4},
  Pages                    = {2424-2433},
  Volume                   = {63}
}

@InProceedings{Singer,
  Title                    = {Budget Feasible Mechanisms},
  Author                   = {Singer, Yaron},
  Booktitle                = {Proc. IEEE 51st Annual Symposium on Foundations of Computer Science},
  Year                     = {2010}
}

@Article{ap1,
  Title                    = {Joint Channel and Power Allocationin Wireless Mesh Networks: {A} Game Theoretical Perspective},
  Author                   = {Yang Song and Chi Zhang and Yuguang Fang},
  Journal                  = {IEEE Journal on Selected Areas in Communications},
  Year                     = {2008},
  Number                   = {7},
  Pages                    = {1149--1159},
  Volume                   = {26},

  Bibdate                  = {2009-04-18},
  Bibsource                = {DBLP, http://dblp.uni-trier.de/db/journals/jsac/jsac26.html#SongZF08}
}

@Conference{Southwell2012Spectrum,
  Title                    = {Spectrum Mobility Games},
  Author                   = {R. Southwell and J. Huang and X. Liu,},
  Booktitle                = {IEEE INFOCOM},
  Year                     = {2012},

  Owner                    = {LV},
  Timestamp                = {2012.03.12}
}

@InProceedings{Srinivasan03,
  Title                    = {Cooperation in wireless ad hoc networks},
  Author                   = {V. Srinivasan and P. Nuggehalli and C.-F. Chiasserini and R.~R. Rao},
  Booktitle                = {Proc. IEEE INFOCOM 2003}
}

@InProceedings{Srinivasan03,
  Title                    = {Cooperation in wireless ad hoc networks},
  Author                   = {V. Srinivasan and P. Nuggehalli and C.-F. Chiasserini and R.~R. Rao},
  Booktitle                = {IEEE INFOCOM 2003}
}

@InProceedings{sun2014synergy,
  Title                    = {SYNERGY: A game-theoretical approach for cooperative key generation in wireless networks},
  Author                   = {Jingchao Sun and Xu Chen and Jinxue Zhang and Yanchao Zhang and Junshan Zhang},
  Booktitle                = {INFOCOM, 2014 Proceedings IEEE},
  Year                     = {2014},
  Organization             = {IEEE},
  Pages                    = {997--1005}
}

@Book{Sutton98a,
  Title                    = {Reinforcement Learning : An Introduction},
  Author                   = {Richard S. Sutton and Andrew G. Barto},
  Publisher                = {MIT Press},
  Year                     = {1998}
}

@Misc{Sutton98rl,
  Title                    = {Reinforcement Learning I: Introduction},

  Author                   = {Richard S. Sutton and Andrew G. Barto},
  Year                     = {1998}
}

@InProceedings{SwapnaES12,
  Title                    = {Dynamic pricing strategies for social networks in the presence of externalities},
  Author                   = {B. T. Swapna and A. Eryilmaz and N. B. Shroff},
  Booktitle                = {Information Theory and Applications Workshop, San Diego, CA, USA, February 5-10, 2012},
  Year                     = {2012}
}

@Article{Sweeney:Anonymity,
  Title                    = {k-anonymity: a model for protecting privacy},
  Author                   = {L. Sweeney},
  Journal                  = {International Journal of Uncertainty, Fuzziness and Knowledge-Based Systems},
  Year                     = {2002},
  Number                   = {5},
  Pages                    = {557-570},
  Volume                   = {10},

  Date-added               = {2014-07-26 21:44:13 +0000},
  Date-modified            = {2014-07-26 21:44:13 +0000},
  Owner                    = {ZDREAMY},
  Timestamp                = {2014.07.26}
}

@InProceedings{Xuemin13,
  Title                    = {Fake point location privacy scheme for mobile public hotspots in {NEMO} based {VANET}},
  Author                   = {Taha, S. and Shen, X.S.},
  Booktitle                = {Proceedings of IEEE ICC},
  Year                     = {2013},
  Pages                    = {2037-2041}
}

@Article{ASahai,
  Title                    = {What is a spectrum hole and what does it take to recognize one?},
  Author                   = {Rahul Tandra and Mubaraq Mishra and Anant Sahai},
  Journal                  = {IEEE special issue on Cognitive Radio},
  Year                     = {2009},

  Month                    = May,
  Pages                    = {824-848}
}

@Article{tandra2009hole,
  Title                    = {What is a spectrum hole and what does it take to recognize one?},
  Author                   = {Tandra, R. and Mishra, S.M. and Sahai, A.},
  Journal                  = {Proc. IEEE},
  Year                     = {2009},
  Number                   = {5},
  Pages                    = {824-848},
  Volume                   = {97}
}

@Article{tandra2008SNR,
  Title                    = {SNR walls for signal detection},
  Author                   = {Tandra, R. and Sahai, A.},
  Journal                  = {IEEE Journal on Selected Topics in Signal Processing},
  Year                     = {2008},
  Number                   = {2},
  Pages                    = {4-17},
  Volume                   = {2}
}

@Article{LingTang,
  Title                    = {When Social Network Meets Mobile Cloud: A Social Group Utility Approach for Optimizing Computation Offloading in Cloudlet},
  Author                   = {L. Tang and X. Chen and S. He},
  Journal                  = {IEEE Access},
  Year                     = {2016},
  Pages                    = {5868-5879},
  Volume                   = {4}
}

@Article{Tran12,
  Title                    = {Joint Congestion Control and Power Control With Outage Constraint in Wireless Multihop Networks},
  Author                   = {N. H. Tran and C. S. Hong and S. Lee},
  Journal                  = {IEEE Transactions on Vehicular Technology},
  Year                     = {2012},

  Month                    = {Feb},
  Number                   = {2},
  Pages                    = {889-894},
  Volume                   = {61}
}

@Conference{Neely08,
  Title                    = {Opportunistic scheduling with reliability guarantees in cognitive radio networks},
  Author                   = {R. Urgaonkar and M. Neely},
  Booktitle                = {Proc.\ INFOCOM'08},
  Year                     = {2008}
}

@Book{Von,
  Title                    = {Theory of games and economic behavior},
  Author                   = {V. Neumann,J. and Morgenstern,O.},
  Publisher                = {Princeton University Press},
  Year                     = {1953}
}

@Article{vazquez2006modeling,
  Title                    = {Modeling bursts and heavy tails in human dynamics},
  Author                   = {V{\'a}zquez, A. and Oliveira, J.G. and Dezs{\"o}, Z. and Goh, K.I. and Kondor, I. and Barab{\'a}si, A.L.},
  Journal                  = {Physical Review E},
  Year                     = {2006},
  Number                   = {3},
  Pages                    = {036127},
  Volume                   = {73},

  Owner                    = {LV},
  Publisher                = {APS},
  Timestamp                = {2012.05.29}
}

@InProceedings{Coevolution,
  Title                    = {Co-evolution of content popularity and delivery in mobile P2P networks},
  Author                   = {Venkatramanan, Srinivasan and Kumar, Anurag},
  Booktitle                = {Proc. INFOCOM '12},
  Pages                    = {3006 -3010}
}

@Book{opac,
  Title                    = {Oligopoly pricing : old ideas and new tools},
  Author                   = {Vives, Xavier},
  Publisher                = {MIT Press},
  Year                     = {2001},

  Address                  = {Cambridge (Mass.)}
}

@Article{TIEprivacy,
  Title                    = {Privacy Masking for Distributed Optimization and Its Application to Demand Response in Power Grids},
  Author                   = {K. {Wada} and K. {Sakurama}},
  Journal                  = {IEEE Transactions on Industrial Electronics},
  Year                     = {2017},
  Number                   = {6},
  Pages                    = {5118-5128},
  Volume                   = {64}
}

@Article{Walrand08,
  Title                    = {Economic models of communication networks},
  Author                   = {Walrand, J.},
  Journal                  = {Performance Modeling and Engineering},
  Year                     = {2008},
  Pages                    = {57--89},

  Publisher                = {Springer}
}

@Article{wang2010game,
  Title                    = {Evolutionary cooperative spectrum sensing game: {H}ow to collaborate?},
  Author                   = {Wang, B. and Liu, K.Ray and Clancy, T.},
  Journal                  = {IEEE Transactions on Communications},
  Year                     = {2010},
  Number                   = {3},
  Pages                    = {890-900},
  Volume                   = {58}
}

@Article{wang2010game,
  Title                    = {Game theory for cognitive radio networks: An overview},
  Author                   = {Wang, B. and Wu, Y. and Liu, K.J.},
  Journal                  = {Computer Networks},
  Year                     = {2010},
  Number                   = {14},
  Pages                    = {2537--2561},
  Volume                   = {54},

  Publisher                = {Elsevier}
}

@InProceedings{Wang15,
  Title                    = {A distributed market framework for mobile data offloading},
  Author                   = {Kehao Wang and Lau, F.C.M. and Lin Chen and Schober, R.},
  Booktitle                = {IEEE International Conference on Communications (ICC)},
  Year                     = {2015},
  Pages                    = {3063-3068}
}

@InProceedings{Leye,
  Title                    = {Differential Location Privacy for Sparse Mobile Crowdsensing},
  Author                   = {L. Wang and others},
  Booktitle                = {Proc. of IEEE ICDM 2016},
  Year                     = {2016},
  Month                    = {Dec},
  Pages                    = {1257-1262}
}

@Article{TII-crypo,
  Title                    = {Privacy-Preserving Authentication and Key Agreement Protocols for {D2D} Group Communications},
  Author                   = {M. Wang and Z. Yan},
  Journal                  = {IEEE Transactions on Industrial Informatics},
  Year                     = {2018},

  Month                    = {Aug},
  Number                   = {8},
  Volume                   = {14}
}

@InProceedings{GLOBECOM12-shanshan,
  Title                    = {Exploiting channel correlation and {PU} traffic memory for opportunistic spectrum scheduling},
  Author                   = {S. Wang and S. Murugesan and J. Zhang},
  Booktitle                = {GLOBECOM},
  Year                     = {2012},
  Pages                    = {1192-1197}
}

@Article{TVT12,
  Title                    = {The Impact of Induced Spectrum Predictability Via Wireless Network Coding},
  Author                   = {S. Wang and Y. Sagduyu and J. Zhang and J. Li},
  Journal                  = {IEEE Transactions on Vehicular Technology},
  Year                     = {2012},
  Number                   = {2},
  Pages                    = {758--769},
  Volume                   = {61}
}

@InProceedings{INFOCOM11,
  Title                    = {Spectrum shaping via network coding in cognitive radio networks},
  Author                   = {S. Wang and Y. Sagduyu and J. Zhang and J. Li},
  Booktitle                = {INFOCOM (mini-symposium)},
  Year                     = {2011},
  Pages                    = {396--400}
}

@Article{JSAC13_1,
  Title                    = {Opportunistic Spectrum Scheduling by Jointly Exploiting Channel Correlation and {PU} Traffic Memory},
  Author                   = {S. Wang and J. Zhang},
  Journal                  = {IEEE Journal on Selected Areas in Communications},
  Year                     = {2013},

  Month                    = {March},
  Number                   = {3},
  Pages                    = {394--405},
  Volume                   = {31}
}

@Conference{swang10,
  Title                    = {Delay analysis for cognitive radio networks with random access: a fluid queue view},
  Author                   = {Shanshan Wang and Junshan Zhang and Lang Tong},
  Booktitle                = {Proc.\ INFOCOM'10},
  Year                     = {2010},
  Pages                    = {1055-1063}
}

@InProceedings{wang2010delay,
  Title                    = {Delay analysis for cognitive radio networks with random access: A fluid queue view},
  Author                   = {Wang, Shanshan and Zhang, Junshan and Tong, Lang},
  Booktitle                = {2010 Proceedings IEEE INFOCOM},
  Year                     = {2010},
  Organization             = {IEEE},
  Pages                    = {1--9}
}

@InProceedings{antenna,
  Title                    = {Location privacy protection from {RSS} localization system using antenna pattern synthesis},
  Author                   = {T. {Wang} and Y. {Yang}},
  Booktitle                = {2011 Proceedings IEEE INFOCOM},
  Year                     = {2011},
  Pages                    = {2408-2416}
}

@InProceedings{Ting11,
  Title                    = {Location privacy protection from {RSS} localization system using antenna pattern synthesis},
  Author                   = {T. Wang and Yang, Y.},
  Booktitle                = {Proceedings of IEEE INFOCOM},
  Year                     = {2011},
  Month                    = {April},
  Pages                    = {2408-2416}
}

@InProceedings{Wang06,
  Title                    = {{OURS}: optimal unicast routing systems in non-cooperative wireless networks},
  Author                   = {W. Wang and S. Eidenbenz and Y. Wang and X.-Y. Li},
  Booktitle                = {Proc. ACM MOBICOM 2006}
}

@InProceedings{Wang06,
  Title                    = {{OURS}: optimal unicast routing systems in non-cooperative wireless networks},
  Author                   = {W. Wang and S. Eidenbenz and Y. Wang and X.-Y. Li},
  Booktitle                = {ACM MOBICOM 2006}
}

@Article{Wenbo,
  Title                    = {A Survey on Applications of Model-Free Strategy Learning in Cognitive Wireless Networks},
  Author                   = {W. Wang and A. Kwasinski and D. Niyato and Z. Han},
  Journal                  = {IEEE Communications Surveys Tutorials},
  Year                     = {2016},

  Month                    = {thirdquarter},
  Number                   = {3},
  Pages                    = {1717-1757},
  Volume                   = {18}
}

@InProceedings{wang2016buying,
  Title                    = {Buying data from privacy-aware individuals: the effect of negative payments},
  Author                   = {Wang, W. and Ying, L. and Zhang, J.},
  Booktitle                = {Proceedings of {WINE}'16},
  Year                     = {2016},
  Organization             = {Springer},
  Pages                    = {87--101}
}

@InProceedings{wang2016value,
  Title                    = {The Value of Privacy: Strategic Data Subjects, Incentive Mechanisms and Fundamental Limits},
  Author                   = {Wang, W. and Ying, L. and Zhang, J.},
  Booktitle                = {Proceedings of {ACM} SIGMETRICS'16},
  Year                     = {2016},
  Pages                    = {249--260}
}

@Article{tmc,
  Title                    = {Enabling reputation and trust in privacy-preserving mobile sensing},
  Author                   = {X. {Wang} and W. {Cheng} and P. {Mohapatra} and T. {Abdelzaher}},
  Journal                  = {IEEE Transactions on Mobile Computing},
  Year                     = {2014},
  Number                   = {12},
  Pages                    = {2777-2790},
  Volume                   = {13}
}

@Article{wang2010spectrum,
  Title                    = {Spectrum Sharing in Cognitive Radio NetworksÂAn Auction-Based Approach},
  Author                   = {Wang, X. and Li, Z. and Xu, P. and Xu, Y. and Gao, X. and Chen, H.H.},
  Journal                  = {IEEE Transactions on Systems, Man, and Cybernetics, Part B: Cybernetics},
  Year                     = {2010},
  Number                   = {3},
  Pages                    = {587--596},
  Volume                   = {40},

  Owner                    = {LV},
  Publisher                = {IEEE},
  Timestamp                = {2012.04.10}
}

@Article{wang2010,
  Title                    = {Spectrum sharing in cognitive radio networks—An auction-based approach},
  Author                   = {Wang, Xinbing and Li, Zheng and Xu, Pengchao and Xu, Youyun and Gao, Xinbo and Chen, Hsiao-Hwa},
  Journal                  = {IEEE Transactions on Systems, Man, and Cybernetics, Part B (Cybernetics)},
  Year                     = {2010},

  Month                    = {June},
  Number                   = {3},
  Pages                    = {587--596},
  Volume                   = {40},

  Publisher                = {IEEE}
}

@Article{wellens2009empirical,
  Title                    = {Empirical time and frequency domain models of spectrum use},
  Author                   = {Wellens, Matthias and Riihij{\"a}Rvi, Janne and M{\"a}H{\"o}Nen, Petri},
  Journal                  = {Physical Communication},
  Year                     = {2009},
  Number                   = {1},
  Pages                    = {10--32},
  Volume                   = {2},

  Publisher                = {Elsevier}
}

@InProceedings{wellens2009spatial,
  Title                    = {Spatial statistics of spectrum usage: From measurements to spectrum models},
  Author                   = {Wellens, Matthias and Riihijarvi, J and Gordziel, Martin and Mahonen, P},
  Booktitle                = {IEEE International Conference on Communications (ICC)},
  Year                     = {2009},
  Organization             = {IEEE},
  Pages                    = {1--6}
}

@Article{wen2015quality,
  Title                    = {Quality-driven auction-based incentive mechanism for mobile crowd sensing},
  Author                   = {Wen, Y. and Shi, J. and Zhang, Q. and Tian, X. and Huang, Z. and Yu, H. and Cheng, Y. and Shen, X.},
  Journal                  = {{IEEE} Trans. Veh. Technol.},
  Year                     = {2015},
  Number                   = {9},
  Pages                    = {4203--4214},
  Volume                   = {64}
}

@Article{Wernke14,
  Title                    = {A Classification of Location Privacy Attacks and Approaches},
  Author                   = {Wernke, Marius and Skvortsov, Pavel and D\"{u}rr, Frank and Rothermel, Kurt},
  Journal                  = {Personal Ubiquitous Comput.},
  Year                     = {2014},

  Month                    = jan,
  Number                   = {1},
  Pages                    = {163--175},
  Volume                   = {18}
}

@InProceedings{wu2012social,
  Title                    = {Social norm incentives for secure network coding in MANETs},
  Author                   = {Wu, C. and Gerla, M. and van der Schaar, M.},
  Booktitle                = {IEEE NetCod},
  Year                     = {2012},

  Owner                    = {xchen179},
  Timestamp                = {2013.04.26}
}

@InProceedings{Wu14,
  Title                    = {Exploring Bundling Sale Strategy in Online Service Markets with Network Effects},
  Author                   = {Wu, W. and Ma, T.~B. and Lui, C.~S.},
  Booktitle                = {Proc. of IEEE INFOCOM 2014}
}

@InProceedings{Xiao,
  Title                    = {Secure mobile crowdsensing game},
  Author                   = {L. Xiao and others},
  Booktitle                = {Proc. of IEEE GLOBECOM 2015},
  Year                     = {2015},
  Pages                    = {7157-7162}
}

@Article{xing2008human,
  Title                    = {Human behavior inspired cognitive radio network design},
  Author                   = {Xing, Yiping and Chandramouli, R},
  Journal                  = {IEEE Communications Magazine},
  Year                     = {2008},
  Number                   = {12},
  Pages                    = {122--127},
  Volume                   = {46},

  Publisher                = {IEEE}
}

@Article{DJ15,
  Title                    = {Incentive Mechanisms for Time Window Dependent Tasks in Mobile Crowdsensing},
  Author                   = {Jia Xu and Jinxin Xiang and Dejun Yang},
  Journal                  = {IEEE Transactions on Wireless Communications},
  Year                     = {2015},

  Month                    = {Nov},
  Number                   = {11},
  Pages                    = {6353-6364},
  Volume                   = {14}
}

@InProceedings{xu2009impact,
  Title                    = {Impact of altruism on opportunistic communications},
  Author                   = {Xu, K. and Hui, P. and Li, V.O.K. and Crowcroft, J. and Latora, V. and Lio, P.},
  Booktitle                = {Ubiquitous and Future Networks, 2009. ICUFN 2009. First International Conference on},
  Year                     = {2009},
  Organization             = {IEEE},
  Pages                    = {153--158},

  Owner                    = {xchen179},
  Timestamp                = {2013.04.26}
}

@Article{IIOTsurvey,
  Title                    = {Internet of Things in Industries: A Survey},
  Author                   = {L. D. {Xu} and W. {He} and S. {Li}},
  Journal                  = {IEEE Transactions on Industrial Informatics},
  Year                     = {2014},
  Number                   = {4},
  Pages                    = {2233-2243},
  Volume                   = {10}
}

@InProceedings{yang2012crowdsourcing,
  Title                    = {Crowdsourcing to smartphones: Incentive mechanism design for mobile phone sensing},
  Author                   = {Yang, Dejun and others},
  Booktitle                = {Proc. of ACM MobiCom 2012},
  Pages                    = {173--184}
}

@InProceedings{Yang12,
  Title                    = {Crowdsourcing to smartphones: incentive mechanism design for mobile phone sensing},
  Author                   = {Yang, D. and Xue, G. and Fang, X. and Tang, J.},
  Booktitle                = {Proceedings of ACM MOBICOM 2012}
}

@InProceedings{Yang12,
  Title                    = {Crowdsourcing to smartphones: incentive mechanism design for mobile phone sensing},
  Author                   = {Yang, D. and Xue, G. and Fang, X. and Tang, J.},
  Booktitle                = {ACM MOBICOM 2012}
}

@Article{DejunJ,
  Title                    = {Incentive Mechanisms for Crowdsensing: Crowdsourcing With Smartphones},
  Author                   = {D. Yang and G. Xue and X. Fang and J. Tang},
  Journal                  = {IEEE/ACM Transactions on Networking},
  Year                     = {2016},
  Number                   = {3},
  Pages                    = {1732-1744},
  Volume                   = {24}
}

@InProceedings{Yang2012,
  Title                    = {Crowdsourcing to Smartphones: Incentive Mechanism Design for Mobile Phone Sensing},
  Author                   = {Yang, D. and Xue, G. and Fang, X. and Tang, J.},
  Booktitle                = {Proceedings of {ACM} Mobicom'12},
  Year                     = {2012},
  Pages                    = {173--184}
}

@InProceedings{yang2012crowdsourcing,
  Title                    = {Crowdsourcing to Smartphones: Incentive Mechanism Design for Mobile Phone Sensing},
  Author                   = {Yang, D. and Xue, G. and Fang, X. and Tang, J.},
  Booktitle                = {Proceedings of {ACM} MobiCom'12},
  Year                     = {2012},
  Pages                    = {173--184}
}

@Article{Guang,
  Title                    = {Promoting Cooperation by the Social Incentive Mechanism in Mobile Crowdsensing},
  Author                   = {G. Yang and S. He and Z. Shi and J. Chen},
  Journal                  = {IEEE Communications Magazine},
  Year                     = {2017},
  Number                   = {3},
  Pages                    = {86-92},
  Volume                   = {55}
}

@Article{Yang17,
  Title                    = {Promoting Cooperation by the Social Incentive Mechanism in Mobile Crowdsensing},
  Author                   = {G. Yang and S. He and Z. Shi and J. Chen},
  Journal                  = {{IEEE} Commun. Mag.},
  Year                     = {2017},
  Number                   = {3},
  Pages                    = {86--92},
  Volume                   = {55}
}

@Article{Heather_Proactive,
  Title                    = {Proactive Channel Access in Dynamic Spectrum Networks},
  Author                   = {Lei Yang and Lili Cao and Haitao Zheng},
  Journal                  = {Elsevier Physical Communication},
  Year                     = {2008},

  Month                    = Jun,
  Number                   = {2},
  Pages                    = {103-111},
  Volume                   = {1}
}

@Misc{TON2013-leiyang,
  Title                    = {Pricing-based decentralized spectrum access control in cognitive radio networks},

  Author                   = {L. Yang and H. Kim and J. Zhang and M. Chiang and C. W. Tan},
  HowPublished             = {\textit{IEEE/ACM Transactions on Networking}, accepted}
}

@InProceedings{Lei11,
  Title                    = {Pricing-based spectrum access control in cognitive radio networks with random access},
  Author                   = {Lei Yang and Hongseok Kim and Junshan Zhang and Mung Chiang and Chee Wei Tan},
  Booktitle                = {Proc. 30th IEEE INFOCOM},
  Year                     = {2011},
  Month                    = {April},
  Pages                    = {2228-2236}
}

@InProceedings{yang2011pricing,
  Title                    = {Pricing-based spectrum access control in cognitive radio networks with random access},
  Author                   = {Yang, Lei and Kim, Hongseok and Zhang, Junshan and Chiang, Mung and Tan, Chee Wei},
  Booktitle                = {Proceedings IEEE INFOCOM},
  Year                     = {2011},
  Pages                    = {2228--2236}
}

@InProceedings{LeiMobiHoc,
  Title                    = {Crowd-Empowered Privacy-Preserving Data Aggregation for Mobile Crowdsensing},
  Author                   = {L. Yang and M. Zhang and S. He and M. Li and J. Zhang},
  Booktitle                = {Proc. {IEEE/ACM} MobiHoc'18},
  Year                     = {2018},
  Month                    = June
}

@Article{rayliu2,
  Title                    = {Wireless Access Network Selection Game with Negative Network Externality},
  Author                   = {Y. {Yang} and Y. {Chen} and C. {Jiang} and C. {Wang} and K. J. R. {Liu}},
  Journal                  = {IEEE Transactions on Wireless Communications},
  Year                     = {2013},
  Number                   = {10},
  Pages                    = {5048-5060},
  Volume                   = {12}
}

@InProceedings{TCyber17,
  Title                    = {Game Design and Analysis for Price-Based Demand Response: An Aggregate Game Approach},
  Author                   = {M. Ye and G. Hu},
  Year                     = {2017},
  Number                   = {3},
  Pages                    = {720-730},
  Volume                   = {47},

  Journal                  = {IEEE Transactions on Cybernetics}
}

@Article{TIE-DP,
  Title                    = {Location Privacy Protection Based on Differential Privacy Strategy for Big Data in Industrial Internet of Things},
  Author                   = {C. Yin and J. Xi and R. Sun and J. Wang},
  Journal                  = {IEEE Transactions on Industrial Informatics},
  Year                     = {2018},

  Month                    = {Aug},
  Number                   = {8},
  Volume                   = {14}
}

@Article{Fang09,
  Title                    = {A Fairness-Aware Congestion Control Scheme in Wireless Sensor Networks},
  Author                   = {X. Yin and X. Zhou and R. Huang and Y. Fang and S. Li},
  Journal                  = {IEEE Transactions on Vehicular Technology},
  Year                     = {2009},

  Month                    = {Nov},
  Number                   = {9},
  Pages                    = {5225-5234},
  Volume                   = {58}
}

@InProceedings{yoneki2007socio,
  Title                    = {A socio-aware overlay for publish/subscribe communication in delay tolerant networks},
  Author                   = {Yoneki, E. and Hui, P. and Chan, S.Y. and Crowcroft, J.},
  Booktitle                = {Proceedings of the 10th ACM Symposium on Modeling, analysis, and simulation of wireless and mobile systems},
  Year                     = {2007},
  Pages                    = {225--234},

  Owner                    = {xchen179},
  Timestamp                = {2013.04.26}
}

@Book{young2001individual,
  Title                    = {Individual strategy and social structure: An evolutionary theory of institutions},
  Author                   = {Young, H.P.},
  Publisher                = {Princeton University Press},
  Year                     = {2001}
}

@Book{Young,
  Title                    = {Strategic learning and its limits / H. Peyton Young},
  Author                   = {Young, H. Peyton,},
  Publisher                = {Oxford University Press New York},
  Year                     = {2004}
}

@Article{Xinbin,
  Title                    = {Pricing for Uplink Power Control in Cognitive Radio Networks},
  Author                   = {H. Yu and L. Gao and Z. Li and X. Wang and E. Hossain},
  Journal                  = {IEEE Transactions on Vehicular Technology},
  Year                     = {2010},

  Month                    = {May},
  Number                   = {4},
  Pages                    = {1769-1778},
  Volume                   = {59}
}

@InProceedings{Yu,
  Title                    = {Mobile data trading: A behavioral economics perspective},
  Author                   = {J. Yu and M. H. Cheung and J. Huang and H. V. Poor},
  Booktitle                = {Proc. 13th WiOpt},
  Year                     = {2015},
  Month                    = {May},
  Pages                    = {363-370}
}

@Article{TIEYanZhang,
  Title                    = {Cooperative Resource Management in Cloud-Enabled Vehicular Networks},
  Author                   = {R. Yu and X. Huang and J. Kang and J. Ding and S. Maharjan and S. Gjessing and Y. Zhang},
  Journal                  = {IEEE Transactions on Industrial Electronics},
  Year                     = {2015},
  Number                   = {12},
  Pages                    = {7938-7951},
  Volume                   = {62}
}

@InProceedings{Yuen03,
  Title                    = {Exploiting data diversity and multiuser diversity in non-cooperative mobile infostation networks},
  Author                   = {W. H. Yuen and R. D. Yates and S.-C. Mau},
  Booktitle                = {Proc. IEEE INFOCOM 2003}
}

@InProceedings{Yuen03,
  Title                    = {Exploiting data diversity and multiuser diversity in non-cooperative mobile infostation networks},
  Author                   = {W. H. Yuen and R. D. Yates and S.-C. Mau},
  Booktitle                = {IEEE INFOCOM 2003}
}

@InProceedings{noise,
  Title                    = {Mobile Crowd Sensing-based noise monitoring as a way to improve learning quality on acoustics},
  Author                   = {M. Zappatore and A. Longo and M. A. Bochicchio and D. Zappatore and A. A. Morrone and G. De Mitri},
  Booktitle                = {Proc. of IEEE IMCL 2015},
  Year                     = {2015},
  Month                    = {Nov},
  Pages                    = {96-100}
}

@InProceedings{Zhang11,
  Title                    = {C4: A new paradigm for providing incentives in multi-hop wireless networks},
  Author                   = {Zhang, C. and Zhu, X. and Song, Y. and Fang, Y.},
  Booktitle                = {Proc. IEEE INFOCOM 2011}
}

@InProceedings{Zhang11,
  Title                    = {C4: A new paradigm for providing incentives in multi-hop wireless networks},
  Author                   = {Zhang, C. and Zhu, X. and Song, Y. and Fang, Y.},
  Booktitle                = {IEEE INFOCOM 2011}
}

@InProceedings{Zhang14,
  Title                    = {Multi-leader multi-follower stackelberg game among Wi-Fi, small cell and macrocell networks},
  Author                   = {Huaqing Zhang and Bennis, M. and DaSilva, L.A. and Zhu Han},
  Booktitle                = {IEEE Global Communications Conference (GLOBECOM)},
  Year                     = {2014},
  Pages                    = {4520-4524}
}

@Article{smartcity,
  Title                    = {Security and Privacy in Smart City Applications: Challenges and Solutions},
  Author                   = {K. {Zhang} and J. {Ni} and K. {Yang} and X. {Liang} and J. {Ren} and X. S. {Shen}},
  Journal                  = {IEEE Communications Magazine},
  Year                     = {2017},
  Number                   = {1},
  Pages                    = {122-129},
  Volume                   = {55}
}

@Other{Zhang16TR,
  Title                    = {http://informationnet.asu.edu/pub/privacy-network-globecom16-{TR}.pdf},
  Author                   = {Mengyuan Zhang and Lei Yang and Xiaowen Gong and Junshan Zhang},
  Date-added               = {2016-04-12 23:53:23 +0000},
  Date-modified            = {2016-04-13 00:07:11 +0000}
}

@InProceedings{MYCISS16,
  Title                    = {Impact of network effect and congestion effect on price competition among wireless service providers},
  Author                   = {M. Zhang and L. Yang and X. Gong and J. Zhang},
  Booktitle                = {Proc. 50th CISS},
  Year                     = {2016}
}

@InProceedings{zhang2016privacy,
  Title                    = {Privacy-Preserving Crowdsensing: Privacy Valuation, Network Effect, and Profit Maximization},
  Author                   = {Zhang, M. and Yang, L. and Gong, X. and Zhang, J.},
  Booktitle                = {Proceedings of {IEEE} Globecom'16},
  Year                     = {2016},
  Pages                    = {1--6}
}

@InProceedings{ZhangGlobe,
  Title                    = {Privacy-Preserving Database Assisted Spectrum Access: A Socially-Aware Distributed Learning Approach},
  Author                   = {Zhang, M. and Yang, L. and Shin, D.-H. and Gong, X. and Zhang, J.},
  Booktitle                = {Proceedings of IEEE GLOBECOM},
  Year                     = {2015},
  Pages                    = {1--6}
}

@InProceedings{zmy,
  Title                    = {Privacy-Preserving Database Assisted Spectrum Access: A Socially-Aware Distributed Learning Approach},
  Author                   = {Zhang, M. and Yang, L. and Shin, D.-H. and Gong, X. and Zhang, J.},
  Booktitle                = {Proc. IEEE GLOBECOM},
  Year                     = {2015},

  Owner                    = {ZhangMY},
  Timestamp                = {2016.01.23}
}

@InProceedings{zhang2015incentivize,
  Title                    = {Incentivize crowd labeling under budget constraint},
  Author                   = {Zhang, Qi and Wen, Yutian and Tian, Xiaohua and Gan, Xiaoying and Wang, Xinbing},
  Booktitle                = {Proc. of IEEE INFOCOM 2015},
  Pages                    = {2812--2820}
}

@InProceedings{zhang2015incentivize,
  Title                    = {Incentivize crowd labeling under budget constraint},
  Author                   = {Zhang, Q. and Wen, Y. and Tian, X. and Gan, X. and Wang, X.},
  Booktitle                = {Proceedings of {IEEE} {INFOCOM}'15},
  Year                     = {2015},
  Pages                    = {2812--2820}
}

@Misc{JSAC13_2,
  Title                    = {Verifiable Privacy-Preserving Aggregation in People-Centric Urban Sensing Systems},

  Author                   = {R. Zhang and J. Shi and Y. Zhang and C. Zhang},
  HowPublished             = {\textit{IEEE Journal on Selected Areas in Communications}, to appear, 2013.}
}

@Conference{DBkey-33,
  Title                    = {Optimal Distributed P2P Streaming under Node Degree Bounds},
  Author                   = {S. Zhang and Z. Shao and M. Chen},
  Booktitle                = {Proceedings of the IEEE International Conference on Network Protocols (ICNP)},
  Year                     = {2010},

  Owner                    = {LV},
  Timestamp                = {2011.07.20}
}

@InProceedings{zhang2015truthful,
  Title                    = {Truthful incentive mechanisms for crowdsourcing},
  Author                   = {Zhang, X. and Xue, G. and Yu, R. and Yang, D. and Tang, J.},
  Booktitle                = {Proceedings of {IEEE} {INFOCOM}'15},
  Year                     = {2015},
  Pages                    = {2830--2838}
}

@Article{Xiangyang,
  Title                    = {Free Market of Crowdsourcing: Incentive Mechanism Design for Mobile Sensing},
  Author                   = {Xinglin Zhang and Zheng Yang and Zimu Zhou and Haibin Cai and Lei Chen and Xiangyang Li},
  Journal                  = {IEEE Transactions on Parallel and Distributed Systems},
  Year                     = {2014},

  Month                    = {Dec},
  Number                   = {12},
  Volume                   = {25}
}

@Article{Kun1,
  Title                    = {{REAP}: An Efficient Incentive Mechanism for Reconciling Aggregation Accuracy and Individual Privacy in Crowdsensing},
  Author                   = {Z. {Zhang} and S. {He} and J. {Chen} and J. {Zhang}},
  Journal                  = {IEEE Transactions on Information Forensics and Security},
  Year                     = {2018},
  Number                   = {12},
  Pages                    = {2995-3007},
  Volume                   = {13}
}

@InProceedings{Zhao,
  Title                    = {How to crowdsource tasks truthfully without sacrificing utility: Online incentive mechanisms with budget constraint},
  Author                   = {D. Zhao and X. Li and H. Ma},
  Booktitle                = {Proceedings of {IEEE} {INFOCOM}'14},
  Year                     = {2014},
  Pages                    = {1213--1221}
}

@InProceedings{Zhaoa,
  Title                    = {How to crowdsource tasks truthfully without sacrificing utility: Online incentive mechanisms with budget constraint},
  Author                   = {Zhao, Dong and Li, Xiang-Yang and Ma, Huadong},
  Booktitle                = {Proceedings of IEEE INFOCOM'14},
  Pages                    = {1213--1221}
}

@InProceedings{zhao2014crowdsource,
  Title                    = {How to crowdsource tasks truthfully without sacrificing utility: Online incentive mechanisms with budget constraint},
  Author                   = {Zhao, Dong and Li, Xiang-Yang and Ma, Huadong},
  Booktitle                = {INFOCOM, 2014 Proceedings IEEE},
  Year                     = {2014},
  Organization             = {IEEE},
  Pages                    = {1213--1221}
}

@InProceedings{JIan14,
  Title                    = {Dynamic pricing and profit maximization for the cloud with geo-distributed data centers},
  Author                   = {Jian Zhao and Hongxing Li and Chuan Wu and Zongpeng Li and Zhizhong Zhang and Lau, F.C.M.},
  Booktitle                = {Proceedings IEEE INFOCOM},
  Year                     = {2014},
  Pages                    = {118-126}
}

@Article{zhao2007decentralized,
  Title                    = {Decentralized cognitive MAC for opportunistic spectrum access in ad hoc networks: A POMDP framework},
  Author                   = {Zhao, Qing and Tong, Lang and Swami, Ananthram and Chen, Yunxia},
  Journal                  = {IEEE Journal on Selected Areas in Communications},
  Year                     = {2007},
  Number                   = {3},
  Pages                    = {589--600},
  Volume                   = {25},

  Publisher                = {IEEE}
}

@InProceedings{zhao2006improving,
  Title                    = {Improving amplify-and-forward relay networks: optimal power allocation versus selection},
  Author                   = {Zhao, Y. and Adve, R. and Lim, T.J.},
  Booktitle                = {IEEE ISIT},
  Year                     = {2006},

  Owner                    = {xchen179},
  Timestamp                = {2013.04.26}
}

@Article{SocialCao,
  Title                    = {Social-Aware Resource Allocation for Device-to-Device Communications Underlaying Cellular Networks},
  Author                   = {Y. Zhao and Y. Li and Y. Cao and T. Jiang and N. Ge},
  Journal                  = {IEEE Transactions on Wireless Communications},
  Year                     = {2015},

  Month                    = {Dec},
  Number                   = {12},
  Pages                    = {6621-6634},
  Volume                   = {14}
}

@Article{zheng2014distributed,
  Title                    = {A distributed demand response control strategy using Lyapunov optimization},
  Author                   = {Zheng, Lei and Cai, Lin},
  Journal                  = {IEEE Transactions on Smart Grid},
  Year                     = {2014},
  Number                   = {4},
  Pages                    = {2075--2083},
  Volume                   = {5}
}

@InProceedings{zhong2003sprite,
  Title                    = {Sprite: A simple, cheat-proof, credit-based system for mobile ad-hoc networks},
  Author                   = {Zhong, S. and Chen, J. and Yang, Y.R.},
  Booktitle                = {IEEE INFOCOM},
  Year                     = {2003},

  Owner                    = {xchen179},
  Timestamp                = {2013.04.26}
}

@InProceedings{Zhong03,
  Title                    = {Incentive-aware routing in {DTNs}},
  Author                   = {S. Zhong and J. Chen and Y. R. Yang},
  Booktitle                = {Proc. IEEE INFOCOM 2003}
}

@InProceedings{Zhong03,
  Title                    = {Incentive-aware routing in {DTNs}},
  Author                   = {S. Zhong and J. Chen and Y. R. Yang},
  Booktitle                = {IEEE INFOCOM 2003}
}

@InProceedings{Zhong07,
  Title                    = {On designing collusion-resistant routing schemes for non-cooperative wireless ad hoc networks},
  Author                   = {S. Zhong and F. Wu},
  Booktitle                = {Proc. ACM MOBICOM 2007}
}

@InProceedings{Zhong07,
  Title                    = {On designing collusion-resistant routing schemes for non-cooperative wireless ad hoc networks},
  Author                   = {S. Zhong and F. Wu},
  Booktitle                = {ACM MOBICOM 2007}
}

@InProceedings{Zhou2013,
  Title                    = {Practical Conflict Graphs for Dynamic Spectrum Distribution},
  Author                   = {X. Zhou and Z. Zhang and G. Wang and X. Yu and B. Zhao and H. Zheng},
  Booktitle                = {ACM SIGMETRICS},
  Year                     = {2013},

  Owner                    = {xchen179},
  Timestamp                = {2013.07.24}
}

@InProceedings{ContactDuration,
  Title                    = {Contact duration aware data replication in Delay Tolerant Networks},
  Author                   = {Xuejun Zhuo and Qinghua Li and Wei Gao and Guohong Cao and Yiqi Dai},
  Booktitle                = {Proc. IEEE Network Protocols (ICNP) '11},
  Pages                    = {236 -245}
}

@Article{zou2010cooperative,
  Title                    = {Cooperative sensing via sequential detection},
  Author                   = {Zou, Qiyue and Zheng, Songfeng and Sayed, Ali H},
  Journal                  = {IEEE Transactions on Signal Processing},
  Year                     = {2010},
  Number                   = {12},
  Pages                    = {6266--6283},
  Volume                   = {58},

  Publisher                = {IEEE}
}

@Book{AutonomicBooks,
  Title                    = {Autonomic Communications and Network Management},
  Editor                   = {R. Boutaba and M. Brunner and S. Shmidt and L. Granville},
  Publisher                = {IEEE Press},
  Year                     = {June 2009},

  Owner                    = {LV},
  Timestamp                = {2012.06.06}
}

@Misc{Bitcoin,
  Title                    = {Bitcoin: An open source {P2P} digital currency},

  Url                      = {http://bitcoin.org/en/}
}

@Misc{Bitcoin,
  Title                    = {Bitcoin: An open source {P2P} digital currency},

  Url                      = {http://bitcoin.org/en/}
}

@Misc{Brightkite,
  Title                    = {{SNAP: Network datasets: Brightkite}},

  Url                      = {http://snap.stanford.edu/data/loc-brightkite.html}
}

@Misc{Brightkite,
  Title                    = {{SNAP: Network datasets: Brightkite}},

  Url                      = {http://snap.stanford.edu/data/loc-brightkite.html}
}

@Misc{Cisco2023,
  Title                    = {Cisco Annual Internet Report (2018-2023) White Paper},
  HowPublished             = {\url{https://www.cisco.com/c/en/us/solutions/collateral/executive-perspectives/annual-internet-report/white-paper-c11-741490.pdf/}}
}

@Misc{comscore,
  Title                    = {Users Engage with Major Social Networks Predominantly via Mobile},

  Url                      = {http://www.comscore.com/Insights/Data-Mine/Users-Engage-with-Major-Social-Networks-Predominantly-via-Mobile}
}

@Misc{DataBreach,
  Title                    = {Timeline of computer security hacker history},
  HowPublished             = {\url{https://en.wikipedia.org/wiki/Timeline_of_computer_security_hacker_history}}
}

@Misc{emarketer,
  Title                    = {e{M}arketer: Social Networking Reaches Nearly One in Four Around the World},

  Url                      = {http://www.emarketer.com/Article/Social-Networking-Reaches-Nearly-One-Four-Around-World/1009976}
}

@Misc{emarketer,
  Title                    = {e{M}arketer: Social Networking Reaches Nearly One in Four Around the World},

  Url                      = {http://www.emarketer.com/Article/Social-Networking-Reaches-Nearly-One-Four-Around-World/1009976}
}

@Misc{FB,
  Title                    = {Connect with friends and the world around you on {F}acebook},
  HowPublished             = {\url{http://www.facebook.com/}},

  Url                      = {http://www.facebook.com/}
}

@Misc{forbes,
  Title                    = {Verizon Looks To Solve Network Congestion Problems},

  Url                      = {http://www.forbes.com/sites/greatspeculations/2014/05/28/verizon-looks-to-solve-network-congestion-problems-improve-arpu-with-xlte-launch/}
}

@Misc{gartner,
  Title                    = {Gartner: Worldwide {PC}, Tablet and Mobile Phone Shipments to Grow 4.5 Percent in 2013},

  Url                      = {http://www.gartner.com/newsroom/id/2610015}
}

@Misc{gartner,
  Title                    = {Gartner: Worldwide {PC}, Tablet and Mobile Phone Shipments to Grow 4.5 Percent in 2013},

  Owner                    = {mzhang72},
  Timestamp                = {2015.11.06},
  Url                      = {http://www.gartner.com/newsroom/id/2610015}
}

@Misc{GoogleFi,
  Title                    = {Google introduces wireless service called {P}roject {F}i},
  HowPublished             = {\url{http://goo.gl/aLYgrY}}
}

@Misc{GSMA,
  Title                    = {The Mobile Economy {C}hina 2019},
  HowPublished             = {\url{http://gsma.com/r/mobileeconomy/china}}
}

@Misc{GWI,
  Title                    = {Trends-2017 {G}lobal{W}eb{I}ndex},

  Url                      = {http://www.globalwebindex.net/blog/topic/trends-2017}
}

@Misc{MY17,
  Title                    = {Appendix},

  Url                      = {https://www.dropbox.com/s/a8hm8mibh2w3mip/Appendix.pdf?dl=0}
}

@Misc{Twitter,
  Title                    = {Twitter: {I}t's {W}hat's {H}appening},
  HowPublished             = {\url{http://twitter.com/}}
}

@Misc{waze,
  Title                    = {Waze: outsmarting traffic, together},

  Url                      = {https://www.waze.com/}
}

@Misc{waze,
  Title                    = {Waze: outsmarting traffic, together},

  Url                      = {https://www.waze.com/}
}

@Misc{waze,
  Title                    = {Waze: Free {GPS} Navigation with Turn by Turn},
  HowPublished             = {\url{http://www.waze.com/}}
}

@Misc{Wearesocial,
  Title                    = {Digital in 2017: {G}lobal {O}verview},
  HowPublished             = {\url{https://wearesocial.com/special-reports/digital-in-2017-global-overview}}
}

@Misc{Wechat,
  Title                    = {We{C}hat: The new way to connect},

  Url                      = {http://www.wechat.com/}
}

@Misc{Whatsapp,
  Title                    = {Whats{A}pp: {S}imple. {P}ersonal. {R}eal time messaging},

  Url                      = {http://www.whatsapp.com/}
}

@Misc{,
  Title                    = {Gartner: Worldwide {PC}, Tablet and Mobile Phone Shipments to Grow 4.5 Percent in 2013},
  HowPublished             = {\url{http://www.gartner.com/newsroom/id/2610015}}
}

@TechReport{MY18,
  Year                     = {2018},
  Month                    = {9},

  Url                      = {https://www.dropbox.com/s/xx62327sov64uub/TIE_appendix.pdf?dl=0}
}

@Misc{techreport,
  Title                    = {Online Appendix},
  HowPublished             = {\url{https://https://www.mosek.com/}},
  Note                     = {[Online; accessed 1-Jan-2018]},
  Year                     = {2018}
}

@Conference{Cisco,
  Title                    = {Global mobile data traffic data forecast update 2016-2021},
  Booktitle                = {Cisco white paper},
  Year                     = {2017},

  Owner                    = {xchen179},
  Timestamp                = {2012.10.10}
}

@Misc{CiscoStudy,
  Title                    = {Cisco Visual Networking Index: Global Mobile Data Traffic Forecast Update, 2016-2021},
  HowPublished             = {White Paper},
  Month                    = {February},
  Year                     = {2017},

  Organization             = {Cisco}
}

@Article{WANGBeibei,
  Title                    = {Game theory for cognitive radio networks: An overview},
  Journal                  = {Computer Networks},
  Year                     = {2010},
  Number                   = {14},
  Pages                    = {2537 - 2561},
  Volume                   = {54}
}

@Article{sevast1957ergodic,
  Title                    = {An ergodic theorem for Markov processes and its application to telephone systems with refusals},
  Journal                  = {Theory of Probability and its Applications},
  Year                     = {1957},
  Pages                    = {104},
  Volume                   = {2},

  Owner                    = {LV},
  Timestamp                = {2012.05.29}
}

@comment{jabref-meta: databaseType:bibtex;}

